3084 4809
689 310 786 364 pro
823 311 948 365 rege
983 294 1234 349 Deiotaro
1270 294 1336 349 ad
1373 293 1432 350 C.
1470 293 1755 351 Caesarem
1790 292 1955 347 oratio
1992 309 2036 347 c.
2077 293 2161 348 13.
2201 294 2285 348 14.
2648 288 2724 351 8⁹

261 461 536 547 quietem
581 456 918 524 senectutis
973 457 1288 540 acceptam
1353 454 1541 520 refert
1600 455 1963 521 clementiae
2022 458 2185 521 tuae.
2279 452 2413 534 Quo
2470 450 2720 536 quidem
2742 459 2829 521 14

261 567 472 634 animo
517 584 658 631 cum
704 566 884 629 antea
925 562 1070 643 fuit,
1116 566 1254 628 tum
1299 580 1420 627 uon
1468 560 1685 627 dubito
1701 609 1717 639 ‚
1773 560 1922 645 quin
1967 560 2096 627 tuis
2140 560 2405 640 litteris,
2464 578 2722 643 quarum

263 671 616 755 exemplum
686 669 812 755 legi
827 718 844 748 ‚
913 688 1063 752 quas
1129 668 1207 735 ad
1275 687 1417 733 eum
1483 668 1821 734 Tarracone
1888 668 2036 733 huic
2104 667 2409 734 Blesamio
2479 665 2721 743 dedisti,

263 800 332 846 se
379 779 577 863 magis
621 778 813 843 etiam
859 776 1118 842 erexerit
1163 775 1240 841 ab
1287 774 1573 859 omnique
1618 773 2037 841 sollicitudine
2081 773 2465 840 abstraxerit.
2540 772 2724 838 Iubes

264 886 437 951 enim
499 903 642 950 eum
700 883 854 948 bene
913 900 1153 966 sperare
1213 884 1279 947 et
1337 881 1492 947 bono
1552 900 1682 945 esse
1739 880 1978 957 animo,
2047 880 2209 963 quod
2276 880 2403 947 scio
2468 882 2532 946 te
2604 898 2724 945 non

263 993 495 1059 frustra
561 990 823 1056 scribere
879 989 1089 1055 solere.

1195 987 1459 1054 Memini
1517 988 1688 1052 enim
1744 987 1963 1054 iisdem
2026 988 2153 1053 fere
2214 988 2414 1054 verbis
2478 987 2555 1053 ad
2624 1008 2723 1055 me

265 1103 330 1165 te
375 1098 641 1165 scribere
690 1116 908 1180 meque
953 1097 1081 1163 tuis
1139 1096 1370 1161 litteris
1429 1096 1584 1161 bene
1643 1115 1881 1179 sperare
1940 1113 2061 1161 non
2120 1096 2349 1163 frustra
2407 1116 2534 1165 esse
2594 1097 2722 1163 ius-

264 1226 424 1273 sum.
516 1205 749 1271 Laboro
795 1203 1081 1286 equidem
1140 1202 1302 1286 regis
1361 1201 1639 1267 Deiotari
1696 1222 1907 1280 causa,
1964 1221 2227 1287 quocum
2286 1203 2443 1269 mihi
2506 1204 2722 1270 amici·
2746 1222 2809 1265 89

263 1313 422 1379 tiam
491 1331 588 1377 res
652 1311 902 1395 publica
969 1308 1353 1387 conciliavit,
1440 1309 1776 1393 hospitium
1845 1311 2128 1375 voluntas
2194 1310 2513 1393 utriusque
2578 1329 2723 1377 con-

267 1419 505 1497 iunxit,
565 1416 1058 1484 familiaritatem
1105 1416 1474 1483 consuetudo
1518 1417 1739 1482 attulit
1754 1466 1771 1494 ‚
1828 1435 2133 1482 summam
2192 1434 2331 1482 vero
2391 1416 2725 1483 necessitu-

267 1527 475 1592 dinem
525 1544 746 1608 magna
792 1525 923 1590 eius
967 1524 1171 1589 officia
1215 1525 1280 1590 iu
1328 1541 1426 1589 me
1474 1526 1538 1588 et
1583 1524 1648 1589 in
1695 1523 2030 1589 exercitum
2092 1542 2296 1589 meum
2360 1524 2723 1599 effecerunt;

269 1633 374 1699 sed
420 1652 563 1698 cum
609 1630 683 1696 de
728 1631 841 1697 illo
901 1630 1109 1696 laboro
1127 1679 1144 1709 ‚
1204 1632 1342 1696 tum
1401 1629 1473 1695 de
1532 1631 1750 1697 multis
1809 1629 2212 1714 amplissimis
2267 1629 2447 1708 viris,
2506 1630 2727 1715 quibus

271 1828 398 1881 ruht
434 1827 529 1880 auf
555 1826 675 1879 dem
705 1824 936 1879 Gefiihle
966 1824 1064 1879 der
1090 1824 1264 1890 litati,
1302 1823 1448 1878 diese

269 1916 430 1971 sucht
454 1932 580 1969 man
603 1914 680 1967 im
699 1914 928 1969 Gefiihle
946 1914 1124 1968 seiner
1141 1912 1447 1979 Schwache,

273 2005 473 2073 „Ruhe
499 2004 612 2058 und
640 2003 929 2058 F1ieden“.
960 2034 1029 2043 —
1065 2006 1341 2072 acceptam
1365 2018 1448 2055 re-

270 2095 435 2164 ferre]
475 2092 686 2162 eigentl.
718 2132 749 2161 „
762 2092 840 2147 als
869 2095 1031 2146 etwas
1054 2092 1450 2161 Empfangenes

275 2182 718 2251 zuriiokbringen,
757 2184 921 2236 etwas
957 2180 1062 2236 als
1086 2178 1448 2235 Geschenk

269 2271 660 2342 jemandem
695 2269 1160 2325 verdanken“.
1198 2300 1267 2309 —
1304 2269 1447 2337 tuae]

274 2363 462 2418 betont
497 2378 581 2414 am
619 2360 869 2415 Schiusse
905 2359 1000 2414 des
1035 2359 1236 2415 Satzes.

347 2540 506 2609 Καρ.
535 2542 627 2595 14.
683 2555 786 2606 quo
813 2536 1051 2608 quidem]
1079 2535 1185 2605 vgl.
1215 2537 1246 2604 ξ
1276 2535 1360 2591 14.
1381 2565 1449 2574 -

269 2647 390 2683 mm
442 2627 627 2683 dubito
640 2668 655 2694 ,
712 2626 869 2697 quin]
934 2625 1034 2679 mit
1094 2625 1452 2693 bedeutungs-

278 2717 449 2773 voller
484 2715 808 2771 Wortfiille:
847 2713 1352 2783 „zweiiellos“.
1383 2742 1452 2753 -

273 2824 518 2877 quarum
551 2805 854 2875 mmplum
887 2803 1008 2873 leyi,
1045 2820 1182 2873 quas
1222 2843 1234 2855 .
1258 2842 1270 2855 .
1292 2803 1328 2872 .]
1365 2819 1452 2856 a·

274 2896 521 2967 emplum
554 2893 858 2961 Abschrist3
904 2908 1028 2947 zum
1061 2892 1320 2960 Asyndet.
1358 2891 1456 2945 der

279 2983 636 3040 Relativsatze
671 2982 778 3053 vgl.
816 2985 848 3052 ἓ
885 2984 970 3038 13.
1009 3012 1078 3022 --
1136 2980 1453 3050 The-meone]

275 3074 434 3129 Stadt
479 3072 538 3126 in
585 3071 818 3141 Spanien
863 3069 1115 3125 nordostl.
1165 3071 1263 3124 der
1296 3069 1455 3124 Miiu-

277 3164 426 3231 dung
461 3162 555 3214 des
581 3160 738 3215 Ebro.
795 3160 930 3214 Hier
965 3158 1280 3214 erschienen
1316 3158 1457 3213 nach

278 3252 379 3306 der
413 3248 665 3305 Schlaeht
699 3248 784 3302 bei
819 3248 1020 3303 Munda
1054 3250 1162 3319 (17.
1191 3248 1337 3302 Miirz
1363 3246 1456 3315 45)

279 3339 368 3395 die
405 3338 710 3394 Gesandten
745 3337 842 3391 der
875 3336 1284 3407 unterthiinigen
1320 3337 1456 3391 Fur-

280 3431 402 3483 sten
449 3428 560 3481 und
605 3426 821 3481 Staaten
834 3466 848 3495 ‚
897 3442 991 3480 um
1039 3425 1202 3482 Cesar
1251 3443 1317 3480 zu
1364 3426 1455 3481 be·

283 3514 751 3586 gliickwiinschen.
802 3545 872 3555 —-
921 3516 988 3569 ab
1035 3515 1310 3586 onmiqw]
1363 3532 1460 3569 zur

282 3604 529 3674 Stellung
586 3604 692 3674 vgl.
749 3603 1094 3674 convivioque
1145 3607 1177 3674 ξ
1226 3607 1322 3672 26,
1385 3604 1461 3659 ad
1569 3648 1582 3660 .
1613 3648 1625 3660 .

288 3694 662 3763 Scaurumque
688 3696 825 3764 §31‚
853 3693 982 3748 aber
1005 3699 1296 3764 contraque
1321 3696 1456 3764 §30.

281 3783 474 3841 Cicero
528 3782 808 3838 verbindet
869 3799 970 3852 que
1030 3783 1210 3838 weder
1271 3783 1371 3838 mit
1421 3800 1460 3838 a

286 3872 427 3927 noch
463 3870 564 3925 mit
597 3872 684 3939 ad,
720 3872 861 3927 wohl
888 3872 1016 3927 aber
1041 3871 1141 3926 mit
1165 3872 1273 3927 den
1301 3872 1458 3927 zwei-

287 3961 514 4031 silbigen
560 3960 775 4030 Prdpos,
822 3962 932 4015 und
977 3961 1078 4015 mit
1119 3979 1184 4016 ece
1230 3964 1327 4031 (e),
1377 3962 1457 4029 in,

281 4050 372 4117 de,
409 4067 562 4117 cum,
593 4067 695 4119 per
729 4050 839 4103 und
870 4068 989 4119 pro.
1029 4082 1097 4091 —
1142 4051 1314 4122 enim]
1351 4051 1459 4121 vgl.

287 4141 320 4208 ἐ
355 4140 443 4196 35.
481 4170 550 4178 -
601 4138 727 4192 bene
762 4156 981 4209 sperno-e
1015 4145 1064 4194 et
1099 4140 1234 4194 bono
1269 4140 1461 4195 animo

285 4229 417 4298 esse]
471 4231 888 4305 συναθροισμός
933 4230 1044 4283 und
1087 4229 1462 4284 Paronomasie

289 4316 486 4372 dienen
540 4317 678 4371 dazu
691 4357 706 4385 ‚
765 4334 858 4371 um
912 4318 1009 4372 der
1062 4318 1463 4388 Aufiorderung

1555 1825 1659 1878 den
1708 1823 1999 1880 Charakter
2053 1823 2461 1893 eindringender
2508 1823 2729 1879 Warme

1558 1930 1625 1967 zu
1654 1912 1840 1982 geben.
1880 1945 1948 1953 -
1986 1913 2061 1967 ad
2092 1930 2178 1967 me
2212 1913 2461 1985 scribere]
2499 1914 2605 1984 vgl.
2634 1930 2730 1983 pro

1557 2002 1766 2072 Ligario
1802 2006 1833 2072 ξ
1870 2005 1930 2058 7:
1978 2002 2119 2071 „qui
2163 2003 2229 2057 ad
2264 2018 2352 2057 me
2391 2044 2403 2056 .
2433 2044 2486 2056 ..
2524 2003 2730 2059 litteras

1557 2091 1718 2159 misit,
1754 2094 1817 2145 ut
1844 2106 2017 2146 essem
2044 2091 2203 2161 idem,
2242 2091 2333 2161 qui
2361 2092 2601 2160 fuissem,
2639 2093 2732 2163 qui

1558 2197 1681 2235 cum
1729 2180 1843 2249 ipse
1896 2180 2184 2250 imperator
2235 2180 2291 2234 in
2346 2183 2457 2235 toto
2510 2182 2731 2250 imperio

1556 2268 1738 2340 populi
1766 2269 1990 2324 Romani
2016 2285 2155 2324 unus
2183 2272 2338 2336 esset,
2378 2286 2495 2324 esse
2532 2286 2619 2325 me
2654 2270 2731 2325 al-

1557 2361 1733 2413 terum
1761 2374 1948 2428 passus
1976 2360 2117 2413 est“.
2155 2358 2319 2413 Infin.
2340 2359 2489 2413 Pras,
2512 2359 2596 2414 bei
2622 2377 2731 2414 me-

1556 2448 1711 2502 mini
1734 2464 1831 2502 zur
1858 2447 2239 2517 Bezeichnung
2263 2449 2361 2503 der
2386 2448 2732 2517 Thatsachen‚

1559 2538 1726 2591 deren
1763 2538 1936 2606 Zeuge
1973 2553 2099 2591 man
2134 2537 2301 2591 selbst
2335 2554 2448 2592 war
2490 2538 2601 2592 und
2645 2538 2732 2593 die

1560 2643 1686 2680 man
1722 2625 1837 2680 sich
1873 2626 1930 2679 in
1965 2626 2233 2681 lebhafter
2261 2628 2619 2696 Anschauung
2655 2626 2734 2682 als

1560 2714 1919 2785 gegenwartig
1966 2715 2224 2769 vorstellt.
2278 2748 2347 2757 —
2395 2718 2599 2787 meque]
2648 2733 2735 2770 me

1562 2805 1748 2859 betont
1772 2804 1849 2857 im
1876 2805 2201 2874 Gegensatze
2229 2822 2297 2859 zu
2326 2810 2387 2872 te,
2428 2806 2580 2873 „und
2617 2807 2735 2861 dass

1562 2893 1679 2947 ioh
1726 2893 2061 2949 meinerseits
2111 2934 2158 2946 ..
2182 2897 2256 2947 .“.
2332 2884 2592 2949 Parataxe
2640 2894 2737 2949 der

1563 2982 1899 3036 Pronomina.

1640 3085 1721 3127 aa.
1784 3072 2049 3142 eqm'dem]
2122 3072 2448 3127 verstiirktes
2520 3073 2737 3142 quidem

1565 3162 1789 3230 (emam,
1828 3161 2018 3231 enim),
2056 3160 2143 3216 bei
2179 3161 2286 3217 Cio.
2326 3178 2429 3216 nur
2465 3178 2562 3215 zur
2596 3162 2736 3216 Her-

1564 3250 1877 3319 vorhebung
1902 3250 1999 3304 der
2023 3253 2067 3306 1.
2089 3250 2319 3305 Person:
2350 3290 2380 3319 ‚‚
2391 3250 2481 3305 ich
2506 3250 2737 3305 meiner-

1566 3338 1721 3405 sests,
1768 3338 1884 3393 ich
1921 3338 2376 3409 allerdings“
2414 3339 2553 3393 nach
2590 3340 2739 3394 einer

1565 3429 1757 3483 Pause.
1806 3459 1873 3469 —-
1923 3428 2124 3498 laboro]
2176 3445 2404 3498 „wegen
2438 3430 2609 3497 jemds
2645 3429 2737 3483 be·

1565 3518 1848 3585 kiimmert,
1885 3517 1942 3570 in
1978 3517 2143 3587 Serge
2178 3517 2295 3572 sein
2305 3521 2354 3571 “.
2393 3550 2461 3559 -
2510 3536 2739 3587 quocum

1658 3648 1670 3660 .
1720 3608 2025 3676 effecerunt]
2080 3607 2239 3661 Form
2294 3608 2392 3662 der
2441 3608 2740 3662 Disiunctio

1568 3695 1693 3767 (vgl.
1730 3699 1761 3766 g
1798 3698 1847 3752 6.
1885 3696 1941 3765 8)
1987 3713 2055 3750 zu
2099 3696 2600 3765 bedeutungsvoller
2636 3696 2740 3751 Be-

1567 3786 1849 3855 griindung
1902 3784 1997 3840 des
2049 3785 2420 3854 HauptsatzeS.
2477 3818 2545 3825 —
2599 3786 2739 3855 vero]

1567 3876 1720 3944 §28
1758 3876 1843 3930 37.
1883 3906 1951 3913 —
2002 3874 2070 3928 in
2115 3892 2202 3928 me
2247 3880 2297 3929 et
2340 3874 2407 3928 in
2448 3874 2741 3929 wer-citum

1566 3964 1769 4033 meum]
1808 3980 1907 4017 zur
1930 3962 2101 4019 Sache
2137 3963 2245 4032 vgl.
2272 3965 2304 4033 ξ
2329 3965 2417 4020 28.
2445 3994 2513 4003 --
2550 3963 2741 4017 multt’s

1568 4051 1935 4122 amplissimis
1970 4052 2131 4123 viris]
2169 4053 2281 4107 Der
2306 4051 2605 4123 Superlativ
2643 4052 2741 4107 bil·

1566 4142 1661 4195 det
1704 4141 1805 4194 mit
1845 4141 1969 4195 dem
2003 4140 2407 4197 substantivum
2442 4142 2603 4197 einen
2638 4142 2741 4196 Ge-

1569 4230 1932 4299 samtbegrifl,
1969 4248 2038 4286 zu
2073 4231 2197 4286 dem
2230 4230 2423 4285 multis
2459 4230 2538 4285 als
2574 4231 2742 4285 Attri-

1571 4320 1667 4374 but
1700 4318 1903 4390 gehort,
1939 4319 2105 4374 daher
2139 4319 2212 4374 ist
2246 4320 2496 4374 letzteres
2523 4319 2662 4375 ohne
2696 4325 2744 4374 et
