<?xml version="1.0" encoding="UTF-8"?>
<!DOCTYPE html PUBLIC "-//W3C//DTD XHTML 1.0 Transitional//EN"
    "http://www.w3.org/TR/xhtml1/DTD/xhtml1-transitional.dtd">
<html xmlns="http://www.w3.org/1999/xhtml" xml:lang="en" lang="en">
 <head>
  <title>
</title>
<meta http-equiv="Content-Type" content="text/html;charset=utf-8" />
  <meta name='ocr-system' content='tesseract 3.04.00' />
  <meta name='ocr-capabilities' content='ocr_page ocr_carea ocr_par ocr_line ocrx_word'/>
</head>
<body>
  <div class='ocr_page' id='page_1' title='image "./cicerosredefrde00stregoog_0027.png"; bbox 0 0 3084 4809; ppageno 0'>
   <div class='ocr_carea' id='block_1_1' title="bbox 807 386 2757 458">
    <p class='ocr_par' dir='ltr' id='par_1_1' title="bbox 807 386 2757 458">
     <span class='ocr_line' id='line_1_1' title="bbox 807 386 2757 458; baseline 0.003 -16"><span class='ocrx_word' id='word_1_1' title='bbox 807 405 902 457; x_wconf 87' lang='lat' dir='ltr'>pro</span> <span class='ocrx_word' id='word_1_2' title='bbox 940 406 1064 458; x_wconf 89' lang='lat' dir='ltr'>rege</span> <span class='ocrx_word' id='word_1_3' title='bbox 1100 389 1350 443; x_wconf 83' lang='lat' dir='ltr'>Deiotaro</span> <span class='ocrx_word' id='word_1_4' title='bbox 1387 388 1454 443; x_wconf 81' lang='lat' dir='ltr'>ad</span> <span class='ocrx_word' id='word_1_5' title='bbox 1492 388 1549 445; x_wconf 87' lang='lat' dir='ltr'>C.</span> <span class='ocrx_word' id='word_1_6' title='bbox 1589 388 1871 445; x_wconf 83' lang='lat' dir='ltr'>Caesarem</span> <span class='ocrx_word' id='word_1_7' title='bbox 1909 389 2073 443; x_wconf 79' lang='lat' dir='ltr'>oratio</span> <span class='ocrx_word' id='word_1_8' title='bbox 2111 405 2157 443; x_wconf 89' lang='lat' dir='ltr'>c.</span> <span class='ocrx_word' id='word_1_9' title='bbox 2196 390 2245 445; x_wconf 86' lang='lat'>5.</span> <span class='ocrx_word' id='word_1_10' title='bbox 2686 386 2757 448; x_wconf 80' lang='grc'>17</span> 
     </span>
    </p>
   </div>
   <div class='ocr_carea' id='block_1_2' title="bbox 288 550 2841 1916">
    <p class='ocr_par' dir='ltr' id='par_1_2' title="bbox 288 550 2841 1916">
     <span class='ocr_line' id='line_1_2' title="bbox 290 550 2754 634; baseline -0 -18"><span class='ocrx_word' id='word_1_11' title='bbox 290 551 568 634; x_wconf 83' lang='lat' dir='ltr'>periculo</span> <span class='ocrx_word' id='word_1_12' title='bbox 615 551 842 616; x_wconf 88' lang='lat' dir='ltr'>obiecit</span> <span class='ocrx_word' id='word_1_13' title='bbox 896 554 1222 633; x_wconf 80' lang='lat' dir='ltr'><strong>tecumque</strong></span> <span class='ocrx_word' id='word_1_14' title='bbox 1282 551 1346 615; x_wconf 92' lang='lat' dir='ltr'>in</span> <span class='ocrx_word' id='word_1_15' title='bbox 1402 551 1533 616; x_wconf 84' lang='lat' dir='ltr'>acie</span> <span class='ocrx_word' id='word_1_16' title='bbox 1580 554 1791 617; x_wconf 89' lang='lat' dir='ltr'>contra</span> <span class='ocrx_word' id='word_1_17' title='bbox 1838 552 2213 617; x_wconf 80' lang='lat' dir='ltr'><strong>Pharnacem</strong></span> <span class='ocrx_word' id='word_1_18' title='bbox 2274 550 2397 615; x_wconf 87' lang='lat' dir='ltr'>fuit</span> <span class='ocrx_word' id='word_1_19' title='bbox 2454 553 2754 633; x_wconf 88' lang='lat' dir='ltr'>tuumque</span> 
     </span>
     <span class='ocr_line' id='line_1_3' title="bbox 292 657 2757 742; baseline -0 -19"><span class='ocrx_word' id='word_1_20' title='bbox 292 661 536 723; x_wconf 86' lang='lat' dir='ltr'>hostem</span> <span class='ocrx_word' id='word_1_21' title='bbox 583 677 712 723; x_wconf 86' lang='lat' dir='ltr'>esse</span> <span class='ocrx_word' id='word_1_22' title='bbox 759 657 936 722; x_wconf 88' lang='lat' dir='ltr'>duxit</span> <span class='ocrx_word' id='word_1_23' title='bbox 979 677 1179 722; x_wconf 88' lang='lat' dir='ltr'>suum.</span> <span class='ocrx_word' id='word_1_24' title='bbox 1258 657 1426 738; x_wconf 82' lang='lat' dir='ltr'>Quae</span> <span class='ocrx_word' id='word_1_25' title='bbox 1470 657 1720 742; x_wconf 85' lang='lat' dir='ltr'>quidem</span> <span class='ocrx_word' id='word_1_26' title='bbox 1766 677 1803 722; x_wconf 86' lang='lat' dir='ltr'>a</span> <span class='ocrx_word' id='word_1_27' title='bbox 1850 660 1911 723; x_wconf 91' lang='lat' dir='ltr'>te</span> <span class='ocrx_word' id='word_1_28' title='bbox 1956 658 2023 723; x_wconf 89' lang='lat' dir='ltr'>in</span> <span class='ocrx_word' id='word_1_29' title='bbox 2070 676 2206 722; x_wconf 85' lang='lat' dir='ltr'>eam</span> <span class='ocrx_word' id='word_1_30' title='bbox 2241 659 2479 740; x_wconf 85' lang='lat' dir='ltr'>partem</span> <span class='ocrx_word' id='word_1_31' title='bbox 2508 658 2757 740; x_wconf 88' lang='lat' dir='ltr'>accepta</span> 
     </span>
     <span class='ocr_line' id='line_1_4' title="bbox 289 763 2704 847; baseline 0 -18"><span class='ocrx_word' id='word_1_32' title='bbox 289 767 459 841; x_wconf 85' lang='lat' dir='ltr'>sunt,</span> <span class='ocrx_word' id='word_1_33' title='bbox 506 764 740 839; x_wconf 83' lang='lat' dir='ltr'>Caesar,</span> <span class='ocrx_word' id='word_1_34' title='bbox 787 767 860 828; x_wconf 91' lang='lat' dir='ltr'>ut</span> <span class='ocrx_word' id='word_1_35' title='bbox 905 782 1045 829; x_wconf 87' lang='lat' dir='ltr'>eum</span> <span class='ocrx_word' id='word_1_36' title='bbox 1083 764 1465 846; x_wconf 88' lang='lat' dir='ltr'>amplissimo</span> <span class='ocrx_word' id='word_1_37' title='bbox 1509 764 1674 847; x_wconf 88' lang='lat' dir='ltr'>regis</span> <span class='ocrx_word' id='word_1_38' title='bbox 1717 764 1942 830; x_wconf 89' lang='lat' dir='ltr'>honore</span> <span class='ocrx_word' id='word_1_39' title='bbox 1987 767 2055 829; x_wconf 93' lang='lat' dir='ltr'>et</span> <span class='ocrx_word' id='word_1_40' title='bbox 2098 766 2346 830; x_wconf 87' lang='lat' dir='ltr'>nomine</span> <span class='ocrx_word' id='word_1_41' title='bbox 2390 763 2704 829; x_wconf 78' lang='lat' dir='ltr'><strong>adfeceris,</strong></span> 
     </span>
     <span class='ocr_line' id='line_1_5' title="bbox 476 869 2841 954; baseline -0.002 -19"><span class='ocrx_word' id='word_1_42' title='bbox 476 872 536 935; x_wconf 89' lang='lat' dir='ltr'>Is</span> <span class='ocrx_word' id='word_1_43' title='bbox 582 871 775 954; x_wconf 88' lang='lat' dir='ltr'>igitur</span> <span class='ocrx_word' id='word_1_44' title='bbox 821 889 938 935; x_wconf 90' lang='lat' dir='ltr'>non</span> <span class='ocrx_word' id='word_1_45' title='bbox 987 869 1164 935; x_wconf 89' lang='lat' dir='ltr'>modo</span> <span class='ocrx_word' id='word_1_46' title='bbox 1209 889 1246 935; x_wconf 89' lang='lat' dir='ltr'>a</span> <span class='ocrx_word' id='word_1_47' title='bbox 1291 872 1352 935; x_wconf 91' lang='lat' dir='ltr'>te</span> <span class='ocrx_word' id='word_1_48' title='bbox 1399 871 1670 952; x_wconf 89' lang='lat' dir='ltr'>periculo</span> <span class='ocrx_word' id='word_1_49' title='bbox 1723 870 2053 949; x_wconf 72' lang='lat' dir='ltr'><strong>liberatae,</strong></span> <span class='ocrx_word' id='word_1_50' title='bbox 2112 871 2217 935; x_wconf 90' lang='lat' dir='ltr'>sed</span> <span class='ocrx_word' id='word_1_51' title='bbox 2280 870 2469 936; x_wconf 87' lang='lat' dir='ltr'>etiam</span> <span class='ocrx_word' id='word_1_52' title='bbox 2526 870 2751 935; x_wconf 87' lang='lat' dir='ltr'>honore</span> <span class='ocrx_word' id='word_1_53' title='bbox 2780 890 2841 931; x_wconf 67' lang='grc' dir='ltr'>ιι</span> 
     </span>
     <span class='ocr_line' id='line_1_6' title="bbox 288 976 2753 1060; baseline 0 -19"><span class='ocrx_word' id='word_1_54' title='bbox 288 976 678 1059; x_wconf 80' lang='lat' dir='ltr'>amplissimo</span> <span class='ocrx_word' id='word_1_55' title='bbox 765 980 1012 1043; x_wconf 86' lang='lat' dir='ltr'>ornatus</span> <span class='ocrx_word' id='word_1_56' title='bbox 1085 977 1365 1060; x_wconf 82' lang='lat' dir='ltr'>arguitur</span> <span class='ocrx_word' id='word_1_57' title='bbox 1442 976 1609 1042; x_wconf 90' lang='lat' dir='ltr'>domi</span> <span class='ocrx_word' id='word_1_58' title='bbox 1685 980 1748 1043; x_wconf 92' lang='lat' dir='ltr'>te</span> <span class='ocrx_word' id='word_1_59' title='bbox 1824 996 1966 1043; x_wconf 85' lang='lat' dir='ltr'>suae</span> <span class='ocrx_word' id='word_1_60' title='bbox 2041 976 2383 1043; x_wconf 89' lang='lat' dir='ltr'>interficere</span> <span class='ocrx_word' id='word_1_61' title='bbox 2456 976 2753 1053; x_wconf 86' lang='lat' dir='ltr'>voluisse;</span> 
     </span>
     <span class='ocr_line' id='line_1_7' title="bbox 289 1083 2754 1167; baseline 0 -19"><span class='ocrx_word' id='word_1_62' title='bbox 289 1083 456 1167; x_wconf 88' lang='lat' dir='ltr'>quod</span> <span class='ocrx_word' id='word_1_63' title='bbox 512 1086 584 1149; x_wconf 89' lang='lat' dir='ltr'>tu</span> <span class='ocrx_word' id='word_1_64' title='bbox 601 1133 616 1159; x_wconf 89' lang='lat'>‚</span> <span class='ocrx_word' id='word_1_65' title='bbox 687 1084 809 1148; x_wconf 90' lang='lat' dir='ltr'>nisi</span> <span class='ocrx_word' id='word_1_66' title='bbox 866 1103 1007 1149; x_wconf 90' lang='lat' dir='ltr'>eum</span> <span class='ocrx_word' id='word_1_67' title='bbox 1065 1083 1539 1149; x_wconf 82' lang='lat' dir='ltr'>furiosissimum</span> <span class='ocrx_word' id='word_1_68' title='bbox 1601 1084 1837 1151; x_wconf 85' lang='lat' dir='ltr'>iudicas</span> <span class='ocrx_word' id='word_1_69' title='bbox 1854 1134 1869 1160; x_wconf 89' lang='lat'>‚</span> <span class='ocrx_word' id='word_1_70' title='bbox 1938 1084 2234 1167; x_wconf 83' lang='lat' dir='ltr'>suspicari</span> <span class='ocrx_word' id='word_1_71' title='bbox 2292 1084 2564 1167; x_wconf 87' lang='lat' dir='ltr'>profecto</span> <span class='ocrx_word' id='word_1_72' title='bbox 2632 1101 2754 1149; x_wconf 89' lang='lat' dir='ltr'>non</span> 
     </span>
     <span class='ocr_line' id='line_1_8' title="bbox 298 1190 2757 1274; baseline -0 -19"><span class='ocrx_word' id='word_1_73' title='bbox 298 1192 489 1273; x_wconf 78' lang='lat' dir='ltr'>potes,</span> <span class='ocrx_word' id='word_1_74' title='bbox 583 1190 670 1255; x_wconf 85' lang='lat' dir='ltr'>Ut</span> <span class='ocrx_word' id='word_1_75' title='bbox 713 1190 879 1255; x_wconf 89' lang='lat' dir='ltr'>enim</span> <span class='ocrx_word' id='word_1_76' title='bbox 928 1191 1210 1256; x_wconf 83' lang='lat' dir='ltr'>omittam</span> <span class='ocrx_word' id='word_1_77' title='bbox 1230 1239 1246 1268; x_wconf 92' lang='lat'>‚</span> <span class='ocrx_word' id='word_1_78' title='bbox 1307 1191 1484 1256; x_wconf 89' lang='lat' dir='ltr'>cuius</span> <span class='ocrx_word' id='word_1_79' title='bbox 1540 1192 1702 1257; x_wconf 85' lang='lat' dir='ltr'>tanti</span> <span class='ocrx_word' id='word_1_80' title='bbox 1762 1191 2010 1256; x_wconf 87' lang='lat' dir='ltr'>sceleris</span> <span class='ocrx_word' id='word_1_81' title='bbox 2067 1190 2258 1256; x_wconf 87' lang='lat' dir='ltr'>fuerit</span> <span class='ocrx_word' id='word_1_82' title='bbox 2315 1191 2383 1255; x_wconf 94' lang='lat' dir='ltr'>in</span> <span class='ocrx_word' id='word_1_83' title='bbox 2428 1191 2757 1274; x_wconf 87' lang='lat' dir='ltr'>conspectu</span> 
     </span>
     <span class='ocr_line' id='line_1_9' title="bbox 297 1297 2757 1381; baseline 0 -21"><span class='ocrx_word' id='word_1_84' title='bbox 297 1297 554 1363; x_wconf 88' lang='lat' dir='ltr'>deorum</span> <span class='ocrx_word' id='word_1_85' title='bbox 629 1299 948 1379; x_wconf 87' lang='lat' dir='ltr'>penatium</span> <span class='ocrx_word' id='word_1_86' title='bbox 1024 1317 1238 1363; x_wconf 86' lang='lat' dir='ltr'>necare</span> <span class='ocrx_word' id='word_1_87' title='bbox 1310 1298 1617 1381; x_wconf 87' lang='lat' dir='ltr'>hospitem</span> <span class='ocrx_word' id='word_1_88' title='bbox 1642 1347 1657 1376; x_wconf 87' lang='lat'>‚</span> <span class='ocrx_word' id='word_1_89' title='bbox 1734 1298 1909 1364; x_wconf 89' lang='lat' dir='ltr'>cuius</span> <span class='ocrx_word' id='word_1_90' title='bbox 1981 1300 2191 1364; x_wconf 86' lang='lat' dir='ltr'>tantae</span> <span class='ocrx_word' id='word_1_91' title='bbox 2265 1297 2757 1380; x_wconf 75' lang='lat' dir='ltr'>importunitatis</span> 
     </span>
     <span class='ocr_line' id='line_1_10' title="bbox 296 1394 2756 1487; baseline 0 -19"><span class='ocrx_word' id='word_1_92' title='bbox 296 1404 576 1468; x_wconf 87' lang='lat' dir='ltr'>omnium</span> <span class='ocrx_word' id='word_1_93' title='bbox 651 1404 932 1487; x_wconf 90' lang='lat' dir='ltr'>gentium</span> <span class='ocrx_word' id='word_1_94' title='bbox 1006 1410 1190 1487; x_wconf 83' lang='lat' dir='ltr'>atque</span> <span class='ocrx_word' id='word_1_95' title='bbox 1252 1405 1452 1471; x_wconf 88' lang='lat' dir='ltr'>omnis</span> <span class='ocrx_word' id='word_1_96' title='bbox 1506 1405 1835 1471; x_wconf 86' lang='lat' dir='ltr'>memoriae</span> <span class='ocrx_word' id='word_1_97' title='bbox 1893 1405 2304 1471; x_wconf 86' lang='lat' dir='ltr'>clarissimum</span> <span class='ocrx_word' id='word_1_98' title='bbox 2370 1403 2583 1469; x_wconf 88' lang='lat' dir='ltr'>lumen</span> <span class='ocrx_word' id='word_1_99' title='bbox 2652 1394 2756 1468; x_wconf 85' lang='lat' dir='ltr'>ex-</span> 
     </span>
     <span class='ocr_line' id='line_1_11' title="bbox 295 1511 2755 1594; baseline 0 -19"><span class='ocrx_word' id='word_1_100' title='bbox 295 1511 642 1594; x_wconf 85' lang='lat' dir='ltr'>stinguere,</span> <span class='ocrx_word' id='word_1_101' title='bbox 703 1511 879 1576; x_wconf 86' lang='lat' dir='ltr'>cuius</span> <span class='ocrx_word' id='word_1_102' title='bbox 923 1515 1129 1577; x_wconf 85' lang='lat' dir='ltr'>tantae</span> <span class='ocrx_word' id='word_1_103' title='bbox 1176 1512 1516 1577; x_wconf 85' lang='lat' dir='ltr'>ferocitatis</span> <span class='ocrx_word' id='word_1_104' title='bbox 1560 1513 1851 1577; x_wconf 82' lang='lat' dir='ltr'>victorem</span> <span class='ocrx_word' id='word_1_105' title='bbox 1900 1512 2064 1578; x_wconf 90' lang='lat' dir='ltr'>orbis</span> <span class='ocrx_word' id='word_1_106' title='bbox 2108 1514 2410 1577; x_wconf 85' lang='lat' dir='ltr'>terrarum</span> <span class='ocrx_word' id='word_1_107' title='bbox 2469 1530 2591 1576; x_wconf 90' lang='lat' dir='ltr'>non</span> <span class='ocrx_word' id='word_1_108' title='bbox 2652 1529 2755 1575; x_wconf 79' lang='lat' dir='ltr'>ex-</span> 
     </span>
     <span class='ocr_line' id='line_1_12' title="bbox 297 1618 2756 1703; baseline -0.001 -20"><span class='ocrx_word' id='word_1_109' title='bbox 297 1619 643 1696; x_wconf 85' lang='lat' dir='ltr'>timescere,</span> <span class='ocrx_word' id='word_1_110' title='bbox 689 1619 865 1684; x_wconf 89' lang='lat' dir='ltr'>cuius</span> <span class='ocrx_word' id='word_1_111' title='bbox 909 1622 1040 1684; x_wconf 89' lang='lat' dir='ltr'>tam</span> <span class='ocrx_word' id='word_1_112' title='bbox 1086 1620 1410 1685; x_wconf 88' lang='lat' dir='ltr'>inhumani</span> <span class='ocrx_word' id='word_1_113' title='bbox 1456 1622 1520 1685; x_wconf 89' lang='lat' dir='ltr'>et</span> <span class='ocrx_word' id='word_1_114' title='bbox 1564 1620 1796 1703; x_wconf 87' lang='lat' dir='ltr'>ingrati</span> <span class='ocrx_word' id='word_1_115' title='bbox 1841 1620 2069 1697; x_wconf 86' lang='lat' dir='ltr'>animi,</span> <span class='ocrx_word' id='word_1_116' title='bbox 2128 1638 2165 1684; x_wconf 84' lang='lat' dir='ltr'>a</span> <span class='ocrx_word' id='word_1_117' title='bbox 2221 1637 2339 1703; x_wconf 87' lang='lat' dir='ltr'>qno</span> <span class='ocrx_word' id='word_1_118' title='bbox 2395 1638 2499 1684; x_wconf 87' lang='lat' dir='ltr'>rex</span> <span class='ocrx_word' id='word_1_119' title='bbox 2544 1618 2756 1701; x_wconf 85' lang='lat' dir='ltr'>appel-</span> 
     </span>
     <span class='ocr_line' id='line_1_13' title="bbox 300 1724 2756 1810; baseline -0 -20"><span class='ocrx_word' id='word_1_120' title='bbox 300 1725 465 1791; x_wconf 85' lang='lat' dir='ltr'>latus</span> <span class='ocrx_word' id='word_1_121' title='bbox 532 1729 724 1802; x_wconf 83' lang='lat' dir='ltr'>esset,</span> <span class='ocrx_word' id='word_1_122' title='bbox 791 1727 857 1791; x_wconf 92' lang='lat' dir='ltr'>in</span> <span class='ocrx_word' id='word_1_123' title='bbox 927 1746 996 1791; x_wconf 89' lang='lat' dir='ltr'>eo</span> <span class='ocrx_word' id='word_1_124' title='bbox 1066 1729 1391 1810; x_wconf 83' lang='lat' dir='ltr'>tyrannum</span> <span class='ocrx_word' id='word_1_125' title='bbox 1461 1726 1769 1804; x_wconf 83' lang='lat' dir='ltr'>inveniri,</span> <span class='ocrx_word' id='word_1_126' title='bbox 1837 1731 1911 1791; x_wconf 86' lang='lat' dir='ltr'>ut</span> <span class='ocrx_word' id='word_1_127' title='bbox 1977 1728 2126 1791; x_wconf 87' lang='lat' dir='ltr'>haec</span> <span class='ocrx_word' id='word_1_128' title='bbox 2193 1726 2511 1791; x_wconf 85' lang='lat' dir='ltr'>omittam:</span> <span class='ocrx_word' id='word_1_129' title='bbox 2580 1724 2756 1789; x_wconf 86' lang='lat' dir='ltr'>cuius</span> 
     </span>
     <span class='ocr_line' id='line_1_14' title="bbox 298 1832 2757 1916; baseline 0 -21"><span class='ocrx_word' id='word_1_130' title='bbox 298 1834 464 1898; x_wconf 87' lang='lat' dir='ltr'>tanti</span> <span class='ocrx_word' id='word_1_131' title='bbox 508 1833 730 1899; x_wconf 82' lang='lat' dir='ltr'>furoris</span> <span class='ocrx_word' id='word_1_132' title='bbox 775 1833 900 1898; x_wconf 88' lang='lat' dir='ltr'>fuit</span> <span class='ocrx_word' id='word_1_133' title='bbox 943 1850 1152 1899; x_wconf 86' lang='lat' dir='ltr'>omnes</span> <span class='ocrx_word' id='word_1_134' title='bbox 1198 1852 1397 1916; x_wconf 79' lang='lat' dir='ltr'>rege8‚</span> <span class='ocrx_word' id='word_1_135' title='bbox 1444 1852 1704 1916; x_wconf 88' lang='lat' dir='ltr'>quorum</span> <span class='ocrx_word' id='word_1_136' title='bbox 1751 1833 1938 1899; x_wconf 89' lang='lat' dir='ltr'>multi</span> <span class='ocrx_word' id='word_1_137' title='bbox 1984 1836 2156 1898; x_wconf 86' lang='lat' dir='ltr'>erant</span> <span class='ocrx_word' id='word_1_138' title='bbox 2202 1832 2485 1911; x_wconf 86' lang='lat' dir='ltr'>finitimi,</span> <span class='ocrx_word' id='word_1_139' title='bbox 2546 1850 2757 1897; x_wconf 83' lang='lat' dir='ltr'>omnes</span> 
     </span>
    </p>
   </div>
   <div class='ocr_carea' id='block_1_3' title="bbox 300 1996 729 2004">
    <p class='ocr_par' dir='ltr' id='par_1_3' title="bbox 300 1996 729 2004">
     <span class='ocr_line' id='line_1_15' title="bbox 300 1996 729 2004; baseline 0 2805"><span class='ocrx_word' id='word_1_140' title='bbox 300 1996 729 2004; x_wconf 95' lang='lat' dir='ltr'> </span> 
     </span>
    </p>
   </div>
   <div class='ocr_carea' id='block_1_4' title="bbox 297 2097 1723 2168">
    <p class='ocr_par' dir='ltr' id='par_1_4' title="bbox 297 2097 1723 2168">
     <span class='ocr_line' id='line_1_16' title="bbox 297 2097 1723 2168; baseline -0.001 -17"><span class='ocrx_word' id='word_1_141' title='bbox 297 2098 666 2168; x_wconf 75' lang='lat' dir='ltr'>Pharnacem]</span> <span class='ocrx_word' id='word_1_142' title='bbox 716 2099 775 2151; x_wconf 84' lang='lat' dir='ltr'>in</span> <span class='ocrx_word' id='word_1_143' title='bbox 811 2098 908 2152; x_wconf 88' lang='lat' dir='ltr'>der</span> <span class='ocrx_word' id='word_1_144' title='bbox 943 2097 1196 2152; x_wconf 84' lang='lat' dir='ltr'>Schlacht</span> <span class='ocrx_word' id='word_1_145' title='bbox 1229 2097 1316 2152; x_wconf 91' lang='lat' dir='ltr'>bei</span> <span class='ocrx_word' id='word_1_146' title='bbox 1353 2097 1479 2152; x_wconf 87' lang='lat' dir='ltr'>Zela</span> <span class='ocrx_word' id='word_1_147' title='bbox 1586 2138 1601 2151; x_wconf 88' lang='lat'><strong>.</strong></span> <span class='ocrx_word' id='word_1_148' title='bbox 1622 2137 1634 2150; x_wconf 92' lang='lat'><strong>.</strong></span> <span class='ocrx_word' id='word_1_149' title='bbox 1658 2100 1723 2153; x_wconf 87' lang='lat'>.“.</span> 
     </span>
    </p>
   </div>
   <div class='ocr_carea' id='block_1_5' title="bbox 293 2186 1476 2523">
    <p class='ocr_par' dir='ltr' id='par_1_5' title="bbox 293 2186 1476 2523">
     <span class='ocr_line' id='line_1_17' title="bbox 295 2186 1474 2256; baseline -0.001 -14"><span class='ocrx_word' id='word_1_150' title='bbox 295 2204 388 2242; x_wconf 86' lang='lat' dir='ltr'>am</span> <span class='ocrx_word' id='word_1_151' title='bbox 415 2189 465 2242; x_wconf 84' lang='lat'>2.</span> <span class='ocrx_word' id='word_1_152' title='bbox 487 2190 621 2255; x_wconf 88' lang='lat' dir='ltr'>Aug.</span> <span class='ocrx_word' id='word_1_153' title='bbox 641 2189 710 2243; x_wconf 79' lang='lat'>47</span> <span class='ocrx_word' id='word_1_154' title='bbox 731 2204 783 2241; x_wconf 84' lang='lat' dir='ltr'>v.</span> <span class='ocrx_word' id='word_1_155' title='bbox 805 2186 929 2242; x_wconf 87' lang='lat' dir='ltr'>Chr.</span> <span class='ocrx_word' id='word_1_156' title='bbox 956 2219 1025 2227; x_wconf 89' lang='lat'><em>-</em></span> <span class='ocrx_word' id='word_1_157' title='bbox 1061 2186 1211 2251; x_wconf 66' lang='lat' dir='ltr'>Quae</span> <span class='ocrx_word' id='word_1_158' title='bbox 1237 2186 1474 2256; x_wconf 75' lang='lat' dir='ltr'>quidem]</span> 
     </span>
     <span class='ocr_line' id='line_1_18' title="bbox 295 2275 1476 2345; baseline 0 -16"><span class='ocrx_word' id='word_1_159' title='bbox 295 2276 410 2331; x_wconf 84' lang='lat' dir='ltr'>Das</span> <span class='ocrx_word' id='word_1_160' title='bbox 439 2276 752 2331; x_wconf 82' lang='lat' dir='ltr'>enklitische</span> <span class='ocrx_word' id='word_1_161' title='bbox 781 2276 998 2345; x_wconf 64' lang='lat' dir='ltr'>quidem</span> <span class='ocrx_word' id='word_1_162' title='bbox 1023 2275 1172 2329; x_wconf 87' lang='lat' dir='ltr'>dient</span> <span class='ocrx_word' id='word_1_163' title='bbox 1198 2275 1349 2343; x_wconf 86' lang='lat' dir='ltr'>dazu,</span> <span class='ocrx_word' id='word_1_164' title='bbox 1381 2275 1476 2329; x_wconf 87' lang='lat' dir='ltr'>das</span> 
     </span>
     <span class='ocr_line' id='line_1_19' title="bbox 298 2364 1475 2434; baseline -0.002 -15"><span class='ocrx_word' id='word_1_165' title='bbox 298 2365 802 2434; x_wconf 86' lang='lat' dir='ltr'>Relativpronomen</span> <span class='ocrx_word' id='word_1_166' title='bbox 813 2364 1252 2419; x_wconf 85' lang='lat' dir='ltr'>hervorzuheben</span> <span class='ocrx_word' id='word_1_167' title='bbox 1265 2382 1276 2417; x_wconf 92' lang='lat'>:</span> <span class='ocrx_word' id='word_1_168' title='bbox 1290 2364 1475 2432; x_wconf 81' lang='lat' dir='ltr'>J‘eden-</span> 
     </span>
     <span class='ocr_line' id='line_1_20' title="bbox 293 2454 1282 2523; baseline 0 -16"><span class='ocrx_word' id='word_1_169' title='bbox 293 2454 443 2522; x_wconf 78' lang='lat' dir='ltr'>falls,</span> <span class='ocrx_word' id='word_1_170' title='bbox 481 2454 694 2523; x_wconf 80' lang='lat' dir='ltr'>gewiss;</span> <span class='ocrx_word' id='word_1_171' title='bbox 731 2454 836 2523; x_wconf 87' lang='lat' dir='ltr'>vgl.</span> <span class='ocrx_word' id='word_1_172' title='bbox 876 2455 909 2522; x_wconf 66' lang='grc' dir='ltr'>ξ</span> <span class='ocrx_word' id='word_1_173' title='bbox 948 2457 1032 2510; x_wconf 89' lang='grc'>18.</span> <span class='ocrx_word' id='word_1_174' title='bbox 1071 2456 1158 2510; x_wconf 86' lang='grc'>38.</span> <span class='ocrx_word' id='word_1_175' title='bbox 1196 2456 1282 2509; x_wconf 81' lang='grc'>42.</span> 
     </span>
    </p>
   </div>
   <div class='ocr_carea' id='block_1_6' title="bbox 293 2631 1480 4479">
    <p class='ocr_par' dir='ltr' id='par_1_6' title="bbox 293 2631 1480 4479">
     <span class='ocr_line' id='line_1_21' title="bbox 371 2631 1477 2701; baseline 0 -16"><span class='ocrx_word' id='word_1_176' title='bbox 371 2631 472 2685; x_wconf 89' lang='grc' dir='ltr'>ΙΠ.</span> <span class='ocrx_word' id='word_1_177' title='bbox 526 2631 885 2685; x_wconf 74' lang='lat' dir='ltr'>Reiutatio</span> <span class='ocrx_word' id='word_1_178' title='bbox 923 2634 975 2701; x_wconf 63' lang='grc' dir='ltr'>(ἓ</span> <span class='ocrx_word' id='word_1_179' title='bbox 1015 2632 1247 2699; x_wconf 81' lang='grc'><strong>15-34)</strong></span> <span class='ocrx_word' id='word_1_180' title='bbox 1294 2632 1344 2700; x_wconf 85' lang='lat' dir='ltr'>a)</span> <span class='ocrx_word' id='word_1_181' title='bbox 1382 2638 1477 2686; x_wconf 78' lang='lat' dir='ltr'>der</span> 
     </span>
     <span class='ocr_line' id='line_1_22' title="bbox 293 2726 1476 2788; baseline 0 -13"><span class='ocrx_word' id='word_1_182' title='bbox 293 2726 729 2788; x_wconf 69' lang='lat' dir='ltr'>Hauptanuage,</span> <span class='ocrx_word' id='word_1_183' title='bbox 767 2727 882 2776; x_wconf 69' lang='lat' dir='ltr'>dass</span> <span class='ocrx_word' id='word_1_184' title='bbox 908 2728 969 2777; x_wconf 80' lang='lat' dir='ltr'>D.</span> <span class='ocrx_word' id='word_1_185' title='bbox 1009 2728 1108 2775; x_wconf 82' lang='lat' dir='ltr'>den</span> <span class='ocrx_word' id='word_1_186' title='bbox 1143 2728 1306 2775; x_wconf 59' lang='lat' dir='ltr'>canat</span> <span class='ocrx_word' id='word_1_187' title='bbox 1339 2726 1476 2775; x_wconf 72' lang='lat' dir='ltr'>habe</span> 
     </span>
     <span class='ocr_line' id='line_1_23' title="bbox 295 2809 1477 2879; baseline -0.002 -15"><span class='ocrx_word' id='word_1_188' title='bbox 295 2816 576 2865; x_wconf 69' lang='lat' dir='ltr'>emm-den</span> <span class='ocrx_word' id='word_1_189' title='bbox 611 2814 805 2865; x_wconf 70' lang='lat' dir='ltr'>vollen</span> <span class='ocrx_word' id='word_1_190' title='bbox 841 2812 893 2879; x_wconf 64' lang='grc' dir='ltr'>(ἓ</span> <span class='ocrx_word' id='word_1_191' title='bbox 930 2811 1178 2877; x_wconf 75' lang='grc'><strong>15-22).</strong></span> <span class='ocrx_word' id='word_1_192' title='bbox 1241 2814 1285 2865; x_wconf 92' lang='grc'>1.</span> <span class='ocrx_word' id='word_1_193' title='bbox 1325 2809 1477 2864; x_wconf 85' lang='lat' dir='ltr'>Sol-</span> 
     </span>
     <span class='ocr_line' id='line_1_24' title="bbox 295 2898 1476 2953; baseline -0.002 -1"><span class='ocrx_word' id='word_1_194' title='bbox 295 2898 464 2952; x_wconf 88' lang='lat' dir='ltr'>cher</span> <span class='ocrx_word' id='word_1_195' title='bbox 512 2898 685 2952; x_wconf 87' lang='lat' dir='ltr'>Plan</span> <span class='ocrx_word' id='word_1_196' title='bbox 746 2899 839 2953; x_wconf 86' lang='lat' dir='ltr'>ist</span> <span class='ocrx_word' id='word_1_197' title='bbox 899 2898 1476 2953; x_wconf 82' lang='lat' dir='ltr'>unwahrschein-</span> 
     </span>
     <span class='ocr_line' id='line_1_25' title="bbox 297 2986 1477 3057; baseline 0.001 -18"><span class='ocrx_word' id='word_1_198' title='bbox 297 2986 478 3053; x_wconf 81' lang='lat' dir='ltr'>lich3</span> <span class='ocrx_word' id='word_1_199' title='bbox 516 2987 695 3040; x_wconf 91' lang='lat' dir='ltr'>denn</span> <span class='ocrx_word' id='word_1_200' title='bbox 724 3003 791 3041; x_wconf 89' lang='lat' dir='ltr'>er</span> <span class='ocrx_word' id='word_1_201' title='bbox 819 2987 1307 3057; x_wconf 80' lang='lat' dir='ltr'>widerspricht</span> <span class='ocrx_word' id='word_1_202' title='bbox 1332 2988 1477 3041; x_wconf 91' lang='lat' dir='ltr'>dem</span> 
     </span>
     <span class='ocr_line' id='line_1_26' title="bbox 299 3076 1478 3131; baseline 0 -2"><span class='ocrx_word' id='word_1_203' title='bbox 299 3076 656 3129; x_wconf 83' lang='lat' dir='ltr'>Interesse</span> <span class='ocrx_word' id='word_1_204' title='bbox 705 3077 845 3129; x_wconf 88' lang='lat' dir='ltr'>und</span> <span class='ocrx_word' id='word_1_205' title='bbox 893 3076 1040 3130; x_wconf 92' lang='lat' dir='ltr'>dem</span> <span class='ocrx_word' id='word_1_206' title='bbox 1091 3076 1478 3131; x_wconf 87' lang='lat' dir='ltr'>Charakter</span> 
     </span>
     <span class='ocr_line' id='line_1_27' title="bbox 293 3164 1475 3233; baseline 0 -16"><span class='ocrx_word' id='word_1_207' title='bbox 293 3165 422 3218; x_wconf 87' lang='lat' dir='ltr'>des</span> <span class='ocrx_word' id='word_1_208' title='bbox 449 3164 718 3233; x_wconf 73' lang='lat' dir='ltr'>Konigs</span> <span class='ocrx_word' id='word_1_209' title='bbox 755 3167 1053 3232; x_wconf 70' lang='lat' dir='ltr'>(Probabile</span> <span class='ocrx_word' id='word_1_210' title='bbox 1081 3184 1148 3219; x_wconf 77' lang='lat' dir='ltr'>ex</span> <span class='ocrx_word' id='word_1_211' title='bbox 1175 3184 1339 3220; x_wconf 70' lang='lat' dir='ltr'>causa.</span> <span class='ocrx_word' id='word_1_212' title='bbox 1364 3165 1475 3218; x_wconf 89' lang='lat' dir='ltr'>und</span> 
     </span>
     <span class='ocr_line' id='line_1_28' title="bbox 295 3254 1476 3324; baseline -0.001 -15"><span class='ocrx_word' id='word_1_213' title='bbox 295 3259 578 3309; x_wconf 68' lang='lat' dir='ltr'>Probabile</span> <span class='ocrx_word' id='word_1_214' title='bbox 624 3272 691 3307; x_wconf 75' lang='lat' dir='ltr'>ex</span> <span class='ocrx_word' id='word_1_215' title='bbox 725 3260 842 3308; x_wconf 76' lang='lat' dir='ltr'>vita</span> <span class='ocrx_word' id='word_1_216' title='bbox 891 3257 922 3324; x_wconf 66' lang='grc' dir='ltr'><em>ξ</em></span> <span class='ocrx_word' id='word_1_217' title='bbox 959 3256 1042 3309; x_wconf 83' lang='grc'>15.</span> <span class='ocrx_word' id='word_1_218' title='bbox 1085 3255 1189 3323; x_wconf 88' lang='grc'>16).</span> <span class='ocrx_word' id='word_1_219' title='bbox 1272 3254 1358 3308; x_wconf 84' lang='lat' dir='ltr'>Da</span> <span class='ocrx_word' id='word_1_220' title='bbox 1391 3255 1476 3308; x_wconf 88' lang='lat' dir='ltr'>die</span> 
     </span>
     <span class='ocr_line' id='line_1_29' title="bbox 293 3341 1477 3411; baseline 0.001 -16"><span class='ocrx_word' id='word_1_221' title='bbox 293 3343 398 3395; x_wconf 89' lang='lat' dir='ltr'>der</span> <span class='ocrx_word' id='word_1_222' title='bbox 432 3341 674 3411; x_wconf 83' lang='lat' dir='ltr'>Anklage</span> <span class='ocrx_word' id='word_1_223' title='bbox 723 3343 994 3411; x_wconf 86' lang='lat' dir='ltr'>zugrunde</span> <span class='ocrx_word' id='word_1_224' title='bbox 1039 3342 1282 3411; x_wconf 88' lang='lat' dir='ltr'>liegende</span> <span class='ocrx_word' id='word_1_225' title='bbox 1318 3343 1477 3397; x_wconf 83' lang='lat' dir='ltr'>That-</span> 
     </span>
     <span class='ocr_line' id='line_1_30' title="bbox 295 3431 1476 3500; baseline 0.001 -16"><span class='ocrx_word' id='word_1_226' title='bbox 295 3431 462 3485; x_wconf 84' lang='lat' dir='ltr'>sache</span> <span class='ocrx_word' id='word_1_227' title='bbox 497 3431 556 3484; x_wconf 87' lang='lat' dir='ltr'>in</span> <span class='ocrx_word' id='word_1_228' title='bbox 584 3431 753 3499; x_wconf 83' lang='lat' dir='ltr'>Frage</span> <span class='ocrx_word' id='word_1_229' title='bbox 789 3431 949 3492; x_wconf 78' lang='lat' dir='ltr'>steht,</span> <span class='ocrx_word' id='word_1_230' title='bbox 986 3432 1176 3500; x_wconf 72' lang='lat' dir='ltr'>gehort</span> <span class='ocrx_word' id='word_1_231' title='bbox 1211 3432 1310 3486; x_wconf 90' lang='lat' dir='ltr'>der</span> <span class='ocrx_word' id='word_1_232' title='bbox 1345 3432 1476 3487; x_wconf 88' lang='lat' dir='ltr'>Pro·</span> 
     </span>
     <span class='ocr_line' id='line_1_31' title="bbox 299 3519 1476 3589; baseline 0.001 -15"><span class='ocrx_word' id='word_1_233' title='bbox 299 3519 416 3574; x_wconf 78' lang='lat' dir='ltr'>zess</span> <span class='ocrx_word' id='word_1_234' title='bbox 451 3537 521 3574; x_wconf 89' lang='lat' dir='ltr'>zu</span> <span class='ocrx_word' id='word_1_235' title='bbox 557 3520 663 3574; x_wconf 93' lang='lat' dir='ltr'>den</span> <span class='ocrx_word' id='word_1_236' title='bbox 699 3536 879 3589; x_wconf 86' lang='lat' dir='ltr'>sogen.</span> <span class='ocrx_word' id='word_1_237' title='bbox 910 3520 1322 3576; x_wconf 72' lang='lat' dir='ltr'>constitutiones</span> <span class='ocrx_word' id='word_1_238' title='bbox 1351 3537 1476 3575; x_wconf 89' lang='lat' dir='ltr'>con·</span> 
     </span>
     <span class='ocr_line' id='line_1_32' title="bbox 297 3608 1476 3679; baseline 0.002 -18"><span class='ocrx_word' id='word_1_239' title='bbox 297 3608 586 3662; x_wconf 85' lang='lat' dir='ltr'>iecturales</span> <span class='ocrx_word' id='word_1_240' title='bbox 621 3611 702 3677; x_wconf 91' lang='lat' dir='ltr'>(so</span> <span class='ocrx_word' id='word_1_241' title='bbox 739 3624 835 3677; x_wconf 88' lang='lat' dir='ltr'>pro</span> <span class='ocrx_word' id='word_1_242' title='bbox 872 3609 1085 3675; x_wconf 77' lang='lat' dir='ltr'>Archia,</span> <span class='ocrx_word' id='word_1_243' title='bbox 1123 3626 1219 3678; x_wconf 90' lang='lat' dir='ltr'>pro</span> <span class='ocrx_word' id='word_1_244' title='bbox 1247 3609 1476 3679; x_wconf 87' lang='lat' dir='ltr'>Roscio).</span> 
     </span>
     <span class='ocr_line' id='line_1_33' title="bbox 307 3696 1476 3766; baseline 0.001 -15"><span class='ocrx_word' id='word_1_245' title='bbox 307 3712 328 3751; x_wconf 84' lang='lat'><em>1</em></span> <span class='ocrx_word' id='word_1_246' title='bbox 341 3710 388 3750; x_wconf 69' lang='grc' dir='ltr'>ο.</span> <span class='ocrx_word' id='word_1_247' title='bbox 428 3696 484 3749; x_wconf 81' lang='lat' dir='ltr'>Is</span> <span class='ocrx_word' id='word_1_248' title='bbox 511 3697 704 3766; x_wconf 63' lang='grc' dir='ltr'>ἐρέτην]</span> <span class='ocrx_word' id='word_1_249' title='bbox 743 3696 922 3765; x_wconf 68' lang='grc' dir='ltr'><em>Ιῃίέαν</em></span> <span class='ocrx_word' id='word_1_250' title='bbox 958 3697 1150 3752; x_wconf 85' lang='lat' dir='ltr'>nimmt</span> <span class='ocrx_word' id='word_1_251' title='bbox 1184 3698 1270 3752; x_wconf 91' lang='lat' dir='ltr'>die</span> <span class='ocrx_word' id='word_1_252' title='bbox 1307 3698 1476 3752; x_wconf 88' lang='lat' dir='ltr'>durch</span> 
     </span>
     <span class='ocr_line' id='line_1_34' title="bbox 293 3784 1476 3842; baseline 0.001 -3"><span class='ocrx_word' id='word_1_253' title='bbox 293 3785 388 3839; x_wconf 87' lang='lat' dir='ltr'>die</span> <span class='ocrx_word' id='word_1_254' title='bbox 439 3784 686 3840; x_wconf 84' lang='lat' dir='ltr'>Narratio</span> <span class='ocrx_word' id='word_1_255' title='bbox 740 3786 1168 3841; x_wconf 87' lang='lat' dir='ltr'>unterbrochene</span> <span class='ocrx_word' id='word_1_256' title='bbox 1217 3788 1476 3842; x_wconf 86' lang='lat' dir='ltr'>Betrach-</span> 
     </span>
     <span class='ocr_line' id='line_1_35' title="bbox 295 3874 1474 3945; baseline 0.002 -18"><span class='ocrx_word' id='word_1_257' title='bbox 295 3876 436 3942; x_wconf 79' lang='lat' dir='ltr'>tung</span> <span class='ocrx_word' id='word_1_258' title='bbox 470 3874 568 3927; x_wconf 89' lang='lat' dir='ltr'>der</span> <span class='ocrx_word' id='word_1_259' title='bbox 603 3875 885 3929; x_wconf 82' lang='lat' dir='ltr'>Accusatio</span> <span class='ocrx_word' id='word_1_260' title='bbox 921 3878 974 3945; x_wconf 65' lang='grc' dir='ltr'>(ξ</span> <span class='ocrx_word' id='word_1_261' title='bbox 1012 3876 1066 3943; x_wconf 84' lang='grc'>7)</span> <span class='ocrx_word' id='word_1_262' title='bbox 1114 3876 1316 3930; x_wconf 86' lang='lat' dir='ltr'>wieder</span> <span class='ocrx_word' id='word_1_263' title='bbox 1352 3876 1474 3943; x_wconf 79' lang='lat' dir='ltr'>auf;</span> 
     </span>
     <span class='ocr_line' id='line_1_36' title="bbox 297 3962 1475 4035; baseline 0.004 -21"><span class='ocrx_word' id='word_1_264' title='bbox 297 3962 407 4031; x_wconf 72' lang='lat' dir='ltr'>vgl.</span> <span class='ocrx_word' id='word_1_265' title='bbox 460 3964 492 4032; x_wconf 65' lang='grc' dir='ltr'><strong>ξ</strong></span> <span class='ocrx_word' id='word_1_266' title='bbox 541 3965 628 4019; x_wconf 87' lang='grc'>13.</span> <span class='ocrx_word' id='word_1_267' title='bbox 683 3996 751 4003; x_wconf 89' lang='grc'><strong>-</strong></span> <span class='ocrx_word' id='word_1_268' title='bbox 807 3963 1065 4019; x_wconf 72' lang='lat' dir='ltr'>liberatus</span> <span class='ocrx_word' id='word_1_269' title='bbox 1226 3967 1475 4035; x_wconf 72' lang='lat' dir='ltr'>ornatus]</span> 
     </span>
     <span class='ocr_line' id='line_1_37' title="bbox 298 4051 1478 4124; baseline 0.002 -19"><span class='ocrx_word' id='word_1_270' title='bbox 298 4051 767 4121; x_wconf 71' lang='lat' dir='ltr'>Homooteleuton‚</span> <span class='ocrx_word' id='word_1_271' title='bbox 803 4053 907 4123; x_wconf 87' lang='lat' dir='ltr'>vgl.</span> <span class='ocrx_word' id='word_1_272' title='bbox 945 4057 976 4124; x_wconf 64' lang='grc' dir='ltr'>ξ</span> <span class='ocrx_word' id='word_1_273' title='bbox 1015 4056 1100 4110; x_wconf 91' lang='grc'>10.</span> <span class='ocrx_word' id='word_1_274' title='bbox 1138 4085 1208 4093; x_wconf 94' lang='grc'>-</span> <span class='ocrx_word' id='word_1_275' title='bbox 1243 4054 1397 4108; x_wconf 79' lang='lat' dir='ltr'>domi</span> <span class='ocrx_word' id='word_1_276' title='bbox 1431 4059 1478 4107; x_wconf 80' lang='lat' dir='ltr'>te</span> 
     </span>
     <span class='ocr_line' id='line_1_38' title="bbox 293 4140 1480 4211; baseline 0.003 -18"><span class='ocrx_word' id='word_1_277' title='bbox 293 4141 452 4208; x_wconf 71' lang='lat' dir='ltr'>suae]</span> <span class='ocrx_word' id='word_1_278' title='bbox 502 4140 851 4209; x_wconf 82' lang='lat' dir='ltr'>Hyperbaton</span> <span class='ocrx_word' id='word_1_279' title='bbox 905 4159 1002 4196; x_wconf 85' lang='lat' dir='ltr'>zur</span> <span class='ocrx_word' id='word_1_280' title='bbox 1049 4141 1480 4211; x_wconf 87' lang='lat' dir='ltr'>Hervorhebung</span> 
     </span>
     <span class='ocr_line' id='line_1_39' title="bbox 294 4228 1478 4299; baseline 0.003 -18"><span class='ocrx_word' id='word_1_281' title='bbox 294 4228 398 4282; x_wconf 85' lang='lat' dir='ltr'>der</span> <span class='ocrx_word' id='word_1_282' title='bbox 431 4232 754 4297; x_wconf 80' lang='lat' dir='ltr'>getrennten</span> <span class='ocrx_word' id='word_1_283' title='bbox 789 4230 1058 4299; x_wconf 76' lang='lat' dir='ltr'>Begrifie‚</span> <span class='ocrx_word' id='word_1_284' title='bbox 1115 4232 1181 4283; x_wconf 91' lang='lat' dir='ltr'>in</span> <span class='ocrx_word' id='word_1_285' title='bbox 1217 4247 1244 4285; x_wconf 86' lang='lat' dir='ltr'>s</span> <span class='ocrx_word' id='word_1_286' title='bbox 1260 4231 1478 4286; x_wconf 90' lang='lat' dir='ltr'>einem</span> 
     </span>
     <span class='ocr_line' id='line_1_40' title="bbox 295 4315 1476 4390; baseline 0.006 -22"><span class='ocrx_word' id='word_1_287' title='bbox 295 4315 596 4384; x_wconf 85' lang='lat' dir='ltr'>eigenen</span> <span class='ocrx_word' id='word_1_288' title='bbox 623 4318 870 4373; x_wconf 84' lang='lat' dir='ltr'>Hause.</span> <span class='ocrx_word' id='word_1_289' title='bbox 911 4352 979 4359; x_wconf 93' lang='lat'><strong>—</strong></span> <span class='ocrx_word' id='word_1_290' title='bbox 1014 4320 1476 4390; x_wconf 66' lang='lat' dir='ltr'>furiosi-semum]</span> 
     </span>
     <span class='ocr_line' id='line_1_41' title="bbox 297 4405 1480 4479; baseline 0.003 -20"><span class='ocrx_word' id='word_1_291' title='bbox 297 4405 439 4459; x_wconf 91' lang='lat' dir='ltr'>Zum</span> <span class='ocrx_word' id='word_1_292' title='bbox 497 4406 673 4461; x_wconf 82' lang='lat' dir='ltr'>Elativ</span> <span class='ocrx_word' id='word_1_293' title='bbox 737 4407 844 4477; x_wconf 87' lang='lat' dir='ltr'>vgl.</span> <span class='ocrx_word' id='word_1_294' title='bbox 904 4411 935 4478; x_wconf 67' lang='grc' dir='ltr'><strong>ξ</strong></span> <span class='ocrx_word' id='word_1_295' title='bbox 988 4412 1051 4464; x_wconf 86' lang='lat'>2:</span> <span class='ocrx_word' id='word_1_296' title='bbox 1117 4409 1480 4479; x_wconf 74' lang='lat' dir='ltr'>„vollstiindig</span> 
     </span>
    </p>
   </div>
   <div class='ocr_carea' id='block_1_7' title="bbox 1577 2097 2765 4479">
    <p class='ocr_par' dir='ltr' id='par_1_7' title="bbox 1577 2097 2765 4479">
     <span class='ocr_line' id='line_1_42' title="bbox 1781 2097 2755 2167; baseline -0.002 -16"><span class='ocrx_word' id='word_1_297' title='bbox 1781 2128 1849 2138; x_wconf 89' lang='lat'>——</span> <span class='ocrx_word' id='word_1_298' title='bbox 1903 2098 2025 2151; x_wconf 78' lang='lat' dir='ltr'>nisi</span> <span class='ocrx_word' id='word_1_299' title='bbox 2059 2138 2160 2166; x_wconf 82' lang='lat'><strong>...‚</strong></span> <span class='ocrx_word' id='word_1_300' title='bbox 2208 2097 2445 2167; x_wconf 79' lang='lat' dir='ltr'>profecto</span> <span class='ocrx_word' id='word_1_301' title='bbox 2499 2114 2611 2151; x_wconf 69' lang='lat' dir='ltr'>nrm</span> <span class='ocrx_word' id='word_1_302' title='bbox 2648 2098 2755 2165; x_wconf 92' lang='grc'><strong>...]</strong></span> 
     </span>
     <span class='ocr_line' id='line_1_43' title="bbox 1583 2186 2758 2251; baseline -0.001 -12"><span class='ocrx_word' id='word_1_303' title='bbox 1583 2186 2012 2241; x_wconf 79' lang='lat' dir='ltr'>keinesfalls</span> <span class='ocrx_word' id='word_1_304' title='bbox 2077 2227 2090 2240; x_wconf 94' lang='lat'><strong>.</strong></span> <span class='ocrx_word' id='word_1_305' title='bbox 2114 2227 2126 2239; x_wconf 93' lang='lat'><strong>.</strong></span> <span class='ocrx_word' id='word_1_306' title='bbox 2149 2210 2191 2251; x_wconf 86' lang='lat'>.;</span> <span class='ocrx_word' id='word_1_307' title='bbox 2265 2188 2345 2240; x_wconf 91' lang='lat' dir='ltr'>du</span> <span class='ocrx_word' id='word_1_308' title='bbox 2418 2186 2758 2241; x_wconf 79' lang='lat' dir='ltr'>miisstest</span> 
     </span>
     <span class='ocr_line' id='line_1_44' title="bbox 1583 2274 2757 2342; baseline 0 -14"><span class='ocrx_word' id='word_1_309' title='bbox 1583 2276 1759 2329; x_wconf 90' lang='lat' dir='ltr'>denn</span> <span class='ocrx_word' id='word_1_310' title='bbox 1797 2316 1808 2328; x_wconf 92' lang='lat'><strong>.</strong></span> <span class='ocrx_word' id='word_1_311' title='bbox 1832 2316 1845 2328; x_wconf 96' lang='lat'><strong>.</strong></span> <span class='ocrx_word' id='word_1_312' title='bbox 1869 2316 1880 2329; x_wconf 93' lang='lat'><strong>.</strong></span> <span class='ocrx_word' id='word_1_313' title='bbox 1920 2286 1988 2316; x_wconf 80' lang='grc'>-·</span> <span class='ocrx_word' id='word_1_314' title='bbox 2024 2280 2087 2329; x_wconf 77' lang='lat' dir='ltr'>ut</span> <span class='ocrx_word' id='word_1_315' title='bbox 2110 2275 2262 2328; x_wconf 77' lang='lat' dir='ltr'>enim</span> <span class='ocrx_word' id='word_1_316' title='bbox 2288 2274 2553 2342; x_wconf 76' lang='lat' dir='ltr'>omittam,</span> <span class='ocrx_word' id='word_1_317' title='bbox 2592 2274 2757 2328; x_wconf 75' lang='lat' dir='ltr'>cuius</span> 
     </span>
     <span class='ocr_line' id='line_1_45' title="bbox 1586 2363 2759 2431; baseline -0.001 -14"><span class='ocrx_word' id='word_1_318' title='bbox 1586 2404 1601 2417; x_wconf 87' lang='lat'><strong>.</strong></span> <span class='ocrx_word' id='word_1_319' title='bbox 1618 2406 1629 2417; x_wconf 95' lang='lat'><strong>.</strong></span> <span class='ocrx_word' id='word_1_320' title='bbox 1652 2405 1664 2417; x_wconf 95' lang='lat'><strong>.</strong></span> <span class='ocrx_word' id='word_1_321' title='bbox 1703 2364 1960 2431; x_wconf 74' lang='lat' dir='ltr'>inveniri,</span> <span class='ocrx_word' id='word_1_322' title='bbox 2010 2370 2073 2418; x_wconf 74' lang='lat' dir='ltr'>ut</span> <span class='ocrx_word' id='word_1_323' title='bbox 2106 2364 2235 2419; x_wconf 78' lang='lat' dir='ltr'>haec</span> <span class='ocrx_word' id='word_1_324' title='bbox 2270 2364 2523 2418; x_wconf 77' lang='lat' dir='ltr'>omittam</span> <span class='ocrx_word' id='word_1_325' title='bbox 2536 2383 2555 2416; x_wconf 90' lang='lat'>.·</span> <span class='ocrx_word' id='word_1_326' title='bbox 2594 2363 2759 2417; x_wconf 72' lang='lat' dir='ltr'>cuius*</span> 
     </span>
     <span class='ocr_line' id='line_1_46' title="bbox 1705 2452 2756 2523; baseline 0.001 -16.898"><span class='ocrx_word' id='word_1_327' title='bbox 1705 2453 1991 2523; x_wconf 44' lang='lat' dir='ltr'>excitare&amp;</span> <span class='ocrx_word' id='word_1_328' title='bbox 2032 2453 2189 2508; x_wconf 80' lang='lat' dir='ltr'>Form</span> <span class='ocrx_word' id='word_1_329' title='bbox 2213 2454 2311 2507; x_wconf 91' lang='lat' dir='ltr'>der</span> <span class='ocrx_word' id='word_1_330' title='bbox 2332 2452 2631 2519; x_wconf 71' lang='lat' dir='ltr'>Prateriti0,</span> <span class='ocrx_word' id='word_1_331' title='bbox 2670 2452 2756 2507; x_wconf 85' lang='lat' dir='ltr'>die</span> 
     </span>
     <span class='ocr_line' id='line_1_47' title="bbox 1583 2542 2759 2611; baseline 0.002 -16"><span class='ocrx_word' id='word_1_332' title='bbox 1583 2542 1753 2595; x_wconf 90' lang='lat' dir='ltr'>durch</span> <span class='ocrx_word' id='word_1_333' title='bbox 1781 2542 2040 2611; x_wconf 80' lang='lat' dir='ltr'>fliichtige</span> <span class='ocrx_word' id='word_1_334' title='bbox 2067 2542 2143 2611; x_wconf 88' lang='lat' dir='ltr'>(in</span> <span class='ocrx_word' id='word_1_335' title='bbox 2170 2542 2461 2597; x_wconf 86' lang='lat' dir='ltr'>Riicksicht</span> <span class='ocrx_word' id='word_1_336' title='bbox 2486 2542 2581 2597; x_wconf 78' lang='lat' dir='ltr'>auf</span> <span class='ocrx_word' id='word_1_337' title='bbox 2606 2544 2637 2611; x_wconf 66' lang='grc' dir='ltr'>ξ</span> <span class='ocrx_word' id='word_1_338' title='bbox 2665 2543 2759 2609; x_wconf 83' lang='grc'>26)</span> 
     </span>
     <span class='ocr_line' id='line_1_48' title="bbox 1585 2631 2757 2700; baseline -0.002 -15"><span class='ocrx_word' id='word_1_339' title='bbox 1585 2631 1925 2700; x_wconf 71' lang='lat' dir='ltr'>Erw&#39;ahnung</span> <span class='ocrx_word' id='word_1_340' title='bbox 1940 2631 2035 2685; x_wconf 88' lang='lat' dir='ltr'>des</span> <span class='ocrx_word' id='word_1_341' title='bbox 2053 2632 2213 2685; x_wconf 86' lang='lat' dir='ltr'>einen</span> <span class='ocrx_word' id='word_1_342' title='bbox 2232 2631 2481 2698; x_wconf 75' lang='lat' dir='ltr'>PunkteS‚</span> <span class='ocrx_word' id='word_1_343' title='bbox 2511 2632 2605 2685; x_wconf 90' lang='lat' dir='ltr'>des</span> <span class='ocrx_word' id='word_1_344' title='bbox 2624 2631 2757 2685; x_wconf 88' lang='lat' dir='ltr'>Pro-</span> 
     </span>
     <span class='ocr_line' id='line_1_49' title="bbox 1583 2719 2758 2789; baseline 0.001 -16"><span class='ocrx_word' id='word_1_345' title='bbox 1583 2719 1759 2774; x_wconf 86' lang='lat' dir='ltr'>babile</span> <span class='ocrx_word' id='word_1_346' title='bbox 1787 2736 1857 2774; x_wconf 82' lang='lat' dir='ltr'>ex</span> <span class='ocrx_word' id='word_1_347' title='bbox 1884 2721 2009 2787; x_wconf 78' lang='lat' dir='ltr'>vita,</span> <span class='ocrx_word' id='word_1_348' title='bbox 2047 2720 2141 2773; x_wconf 78' lang='lat' dir='ltr'>auf</span> <span class='ocrx_word' id='word_1_349' title='bbox 2176 2720 2262 2774; x_wconf 87' lang='lat' dir='ltr'>die</span> <span class='ocrx_word' id='word_1_350' title='bbox 2290 2719 2639 2789; x_wconf 81' lang='lat' dir='ltr'>Wichtigkeit</span> <span class='ocrx_word' id='word_1_351' title='bbox 2663 2720 2758 2774; x_wconf 85' lang='lat' dir='ltr'>des</span> 
     </span>
     <span class='ocr_line' id='line_1_50' title="bbox 1586 2808 2757 2877; baseline -0.002 -14"><span class='ocrx_word' id='word_1_352' title='bbox 1586 2810 1803 2877; x_wconf 86' lang='lat' dir='ltr'>andern,</span> <span class='ocrx_word' id='word_1_353' title='bbox 1817 2810 1912 2864; x_wconf 90' lang='lat' dir='ltr'>des</span> <span class='ocrx_word' id='word_1_354' title='bbox 1924 2808 2204 2863; x_wconf 90' lang='lat' dir='ltr'>Probabile</span> <span class='ocrx_word' id='word_1_355' title='bbox 2218 2826 2287 2863; x_wconf 85' lang='lat' dir='ltr'>ex</span> <span class='ocrx_word' id='word_1_356' title='bbox 2302 2825 2478 2876; x_wconf 84' lang='lat' dir='ltr'>causa,</span> <span class='ocrx_word' id='word_1_357' title='bbox 2489 2808 2757 2863; x_wconf 77' lang='lat' dir='ltr'>aufmerk-</span> 
     </span>
     <span class='ocr_line' id='line_1_51' title="bbox 1584 2897 2759 2953; baseline -0.001 -1"><span class='ocrx_word' id='word_1_358' title='bbox 1584 2914 1699 2952; x_wconf 87' lang='lat' dir='ltr'>sam</span> <span class='ocrx_word' id='word_1_359' title='bbox 1753 2899 1947 2953; x_wconf 84' lang='lat' dir='ltr'>macht.</span> <span class='ocrx_word' id='word_1_360' title='bbox 2039 2897 2342 2952; x_wconf 86' lang='lat' dir='ltr'>Nebensatz</span> <span class='ocrx_word' id='word_1_361' title='bbox 2396 2898 2495 2951; x_wconf 85' lang='lat' dir='ltr'>mit</span> <span class='ocrx_word' id='word_1_362' title='bbox 2538 2902 2600 2951; x_wconf 72' lang='lat' dir='ltr'>ut</span> <span class='ocrx_word' id='word_1_363' title='bbox 2644 2898 2759 2952; x_wconf 89' lang='lat' dir='ltr'>und</span> 
     </span>
     <span class='ocr_line' id='line_1_52' title="bbox 1584 2986 2759 3056; baseline 0 -16"><span class='ocrx_word' id='word_1_364' title='bbox 1584 2988 1750 3041; x_wconf 83' lang='lat' dir='ltr'>daran</span> <span class='ocrx_word' id='word_1_365' title='bbox 1769 2987 1885 3041; x_wconf 89' lang='lat' dir='ltr'>sich</span> <span class='ocrx_word' id='word_1_366' title='bbox 1903 2986 2384 3055; x_wconf 81' lang='lat' dir='ltr'>ansohliefsenden‚</span> <span class='ocrx_word' id='word_1_367' title='bbox 2405 2986 2759 3056; x_wconf 83' lang='lat' dir='ltr'>anaphorisch</span> 
     </span>
     <span class='ocr_line' id='line_1_53' title="bbox 1583 3075 2757 3145; baseline -0.001 -16"><span class='ocrx_word' id='word_1_368' title='bbox 1583 3076 1875 3144; x_wconf 61' lang='lat' dir='ltr'>gehfiuften</span> <span class='ocrx_word' id='word_1_369' title='bbox 1890 3075 2187 3131; x_wconf 83' lang='lat' dir='ltr'>indirekten</span> <span class='ocrx_word' id='word_1_370' title='bbox 2196 3076 2418 3144; x_wconf 83' lang='lat' dir='ltr'>Fragen‚</span> <span class='ocrx_word' id='word_1_371' title='bbox 2432 3075 2757 3145; x_wconf 75' lang='lat' dir='ltr'>complexio,</span> 
     </span>
     <span class='ocr_line' id='line_1_54' title="bbox 1584 3164 2759 3234; baseline -0.001 -15"><span class='ocrx_word' id='word_1_372' title='bbox 1584 3165 1727 3219; x_wconf 86' lang='lat' dir='ltr'>dann</span> <span class='ocrx_word' id='word_1_373' title='bbox 1762 3166 2055 3234; x_wconf 84' lang='lat' dir='ltr'>Hauptsatz</span> <span class='ocrx_word' id='word_1_374' title='bbox 2102 3165 2158 3218; x_wconf 90' lang='lat' dir='ltr'>in</span> <span class='ocrx_word' id='word_1_375' title='bbox 2196 3164 2356 3219; x_wconf 80' lang='lat' dir='ltr'>Form</span> <span class='ocrx_word' id='word_1_376' title='bbox 2390 3166 2485 3218; x_wconf 87' lang='lat' dir='ltr'>der</span> <span class='ocrx_word' id='word_1_377' title='bbox 2520 3165 2759 3218; x_wconf 81' lang='lat' dir='ltr'>Interro-</span> 
     </span>
     <span class='ocr_line' id='line_1_55' title="bbox 1584 3253 2759 3324; baseline -0.001 -16"><span class='ocrx_word' id='word_1_378' title='bbox 1584 3254 1739 3323; x_wconf 81' lang='lat' dir='ltr'>gatio.</span> <span class='ocrx_word' id='word_1_379' title='bbox 1797 3286 1865 3294; x_wconf 93' lang='lat'><strong>—</strong></span> <span class='ocrx_word' id='word_1_380' title='bbox 1920 3255 2082 3308; x_wconf 79' lang='lat' dir='ltr'>cuius</span> <span class='ocrx_word' id='word_1_381' title='bbox 2118 3254 2285 3324; x_wconf 76' lang='lat' dir='ltr'>tanti]</span> <span class='ocrx_word' id='word_1_382' title='bbox 2336 3253 2449 3309; x_wconf 89' lang='lat' dir='ltr'>Der</span> <span class='ocrx_word' id='word_1_383' title='bbox 2482 3253 2573 3307; x_wconf 89' lang='lat' dir='ltr'>lat.</span> <span class='ocrx_word' id='word_1_384' title='bbox 2614 3254 2759 3307; x_wconf 89' lang='lat' dir='ltr'>Rede</span> 
     </span>
     <span class='ocr_line' id='line_1_56' title="bbox 1586 3342 2759 3412; baseline 0 -15"><span class='ocrx_word' id='word_1_385' title='bbox 1586 3342 1716 3397; x_wconf 87' lang='lat' dir='ltr'>wird</span> <span class='ocrx_word' id='word_1_386' title='bbox 1765 3344 1902 3398; x_wconf 88' lang='lat' dir='ltr'>nach</span> <span class='ocrx_word' id='word_1_387' title='bbox 1939 3342 2422 3412; x_wconf 82' lang='lat' dir='ltr'>Fragepronomina</span> <span class='ocrx_word' id='word_1_388' title='bbox 2468 3359 2601 3411; x_wconf 87' lang='lat' dir='ltr'>gem</span> <span class='ocrx_word' id='word_1_389' title='bbox 2638 3342 2759 3397; x_wconf 88' lang='lat' dir='ltr'>eine</span> 
     </span>
     <span class='ocr_line' id='line_1_57' title="bbox 1584 3431 2759 3501; baseline -0.002 -14"><span class='ocrx_word' id='word_1_390' title='bbox 1584 3432 1997 3487; x_wconf 81' lang='lat' dir='ltr'>demonstrative</span> <span class='ocrx_word' id='word_1_391' title='bbox 2033 3432 2321 3501; x_wconf 89' lang='lat' dir='ltr'>Wendung</span> <span class='ocrx_word' id='word_1_392' title='bbox 2356 3431 2593 3501; x_wconf 87' lang='lat' dir='ltr'>gegeben</span> <span class='ocrx_word' id='word_1_393' title='bbox 2607 3471 2620 3498; x_wconf 81' lang='lat'>,</span> <span class='ocrx_word' id='word_1_394' title='bbox 2658 3433 2759 3485; x_wconf 87' lang='lat' dir='ltr'>wie</span> 
     </span>
     <span class='ocr_line' id='line_1_58' title="bbox 1584 3519 2760 3589; baseline -0.002 -15"><span class='ocrx_word' id='word_1_395' title='bbox 1584 3520 1765 3574; x_wconf 86' lang='lat' dir='ltr'>solche</span> <span class='ocrx_word' id='word_1_396' title='bbox 1784 3520 1922 3574; x_wconf 89' lang='lat' dir='ltr'>nach</span> <span class='ocrx_word' id='word_1_397' title='bbox 1934 3520 2092 3574; x_wconf 88' lang='lat' dir='ltr'>Pron.</span> <span class='ocrx_word' id='word_1_398' title='bbox 2104 3520 2392 3574; x_wconf 83' lang='lat' dir='ltr'>demonstr.</span> <span class='ocrx_word' id='word_1_399' title='bbox 2402 3536 2535 3589; x_wconf 89' lang='lat' dir='ltr'>gern</span> <span class='ocrx_word' id='word_1_400' title='bbox 2548 3519 2760 3574; x_wconf 85' lang='lat' dir='ltr'>weiter-</span> 
     </span>
     <span class='ocr_line' id='line_1_59' title="bbox 1584 3609 2760 3679; baseline -0.002 -16"><span class='ocrx_word' id='word_1_401' title='bbox 1584 3609 1803 3679; x_wconf 78' lang='lat' dir='ltr'>gefiihrt</span> <span class='ocrx_word' id='word_1_402' title='bbox 1822 3610 1981 3663; x_wconf 86' lang='lat' dir='ltr'>wird:</span> <span class='ocrx_word' id='word_1_403' title='bbox 2011 3609 2282 3678; x_wconf 82' lang='lat' dir='ltr'>„welch’</span> <span class='ocrx_word' id='word_1_404' title='bbox 2314 3609 2576 3679; x_wconf 79' lang='lat' dir='ltr'>grosses</span> <span class='ocrx_word' id='word_1_405' title='bbox 2595 3609 2760 3662; x_wconf 87' lang='lat' dir='ltr'>Ver-</span> 
     </span>
     <span class='ocr_line' id='line_1_60' title="bbox 1587 3698 2760 3768; baseline -0.002 -15"><span class='ocrx_word' id='word_1_406' title='bbox 1587 3698 1889 3753; x_wconf 88' lang='lat' dir='ltr'>brechen</span> <span class='ocrx_word' id='word_1_407' title='bbox 1918 3702 2055 3766; x_wconf 82' lang='lat'><strong>...“‚</strong></span> <span class='ocrx_word' id='word_1_408' title='bbox 2094 3698 2198 3768; x_wconf 88' lang='lat' dir='ltr'>vgl.</span> <span class='ocrx_word' id='word_1_409' title='bbox 2236 3701 2267 3768; x_wconf 66' lang='lat'>5</span> <span class='ocrx_word' id='word_1_410' title='bbox 2303 3701 2388 3754; x_wconf 80' lang='lat'>32.</span> <span class='ocrx_word' id='word_1_411' title='bbox 2418 3700 2504 3754; x_wconf 81' lang='lat'>37.</span> <span class='ocrx_word' id='word_1_412' title='bbox 2543 3728 2613 3738; x_wconf 84' lang='lat'><em>-</em></span> <span class='ocrx_word' id='word_1_413' title='bbox 2650 3698 2760 3751; x_wconf 82' lang='lat' dir='ltr'>im·-</span> 
     </span>
     <span class='ocr_line' id='line_1_61' title="bbox 1577 3785 2761 3857; baseline -0.003 -15"><span class='ocrx_word' id='word_1_414' title='bbox 1577 3788 1959 3857; x_wconf 72' lang='lat' dir='ltr'>pm‘tunitatis]</span> <span class='ocrx_word' id='word_1_415' title='bbox 2008 3787 2294 3857; x_wconf 89' lang='lat' dir='ltr'>eigentlich</span> <span class='ocrx_word' id='word_1_416' title='bbox 2330 3785 2761 3856; x_wconf 66' lang='lat' dir='ltr'>Unzuganglich-</span> 
     </span>
     <span class='ocr_line' id='line_1_62' title="bbox 1584 3874 2760 3946; baseline -0.001 -16"><span class='ocrx_word' id='word_1_417' title='bbox 1584 3876 1693 3930; x_wconf 84' lang='lat' dir='ltr'>keit</span> <span class='ocrx_word' id='word_1_418' title='bbox 1707 3876 2103 3946; x_wconf 75' lang='lat' dir='ltr'>(im-portunus</span> <span class='ocrx_word' id='word_1_419' title='bbox 2116 3874 2383 3944; x_wconf 74' lang='lat' dir='ltr'>hasenlos)</span> <span class='ocrx_word' id='word_1_420' title='bbox 2398 3898 2412 3942; x_wconf 83' lang='lat'>3</span> <span class='ocrx_word' id='word_1_421' title='bbox 2426 3876 2569 3929; x_wconf 86' lang='lat' dir='ltr'>dann</span> <span class='ocrx_word' id='word_1_422' title='bbox 2580 3875 2760 3929; x_wconf 80' lang='lat' dir='ltr'>Riiek-</span> 
     </span>
     <span class='ocr_line' id='line_1_63' title="bbox 1586 3964 2758 4034; baseline -0.002 -15"><span class='ocrx_word' id='word_1_423' title='bbox 1586 3965 2007 4034; x_wconf 71' lang='lat' dir='ltr'>sichtslosigkeit,</span> <span class='ocrx_word' id='word_1_424' title='bbox 2036 3964 2303 4019; x_wconf 85' lang='lat' dir='ltr'>Roheit.</span> <span class='ocrx_word' id='word_1_425' title='bbox 2344 3996 2412 4004; x_wconf 94' lang='lat'>—</span> <span class='ocrx_word' id='word_1_426' title='bbox 2448 3981 2487 4017; x_wconf 86' lang='lat' dir='ltr'>a</span> <span class='ocrx_word' id='word_1_427' title='bbox 2513 3981 2617 4033; x_wconf 78' lang='lat' dir='ltr'>quo</span> <span class='ocrx_word' id='word_1_428' title='bbox 2656 4005 2668 4017; x_wconf 93' lang='lat'><strong>.</strong></span> <span class='ocrx_word' id='word_1_429' title='bbox 2690 4005 2703 4017; x_wconf 88' lang='lat'><strong>.</strong></span> <span class='ocrx_word' id='word_1_430' title='bbox 2728 4005 2758 4030; x_wconf 87' lang='lat'>.,</span> 
     </span>
     <span class='ocr_line' id='line_1_64' title="bbox 1584 4052 2757 4123; baseline -0.003 -15"><span class='ocrx_word' id='word_1_431' title='bbox 1584 4055 1650 4108; x_wconf 77' lang='lat' dir='ltr'>in</span> <span class='ocrx_word' id='word_1_432' title='bbox 1676 4056 1755 4123; x_wconf 82' lang='lat' dir='ltr'>eo]</span> <span class='ocrx_word' id='word_1_433' title='bbox 1787 4054 1893 4108; x_wconf 90' lang='lat' dir='ltr'>Zur</span> <span class='ocrx_word' id='word_1_434' title='bbox 1909 4053 2153 4123; x_wconf 84' lang='lat' dir='ltr'>Stellung</span> <span class='ocrx_word' id='word_1_435' title='bbox 2170 4054 2266 4109; x_wconf 90' lang='lat' dir='ltr'>des</span> <span class='ocrx_word' id='word_1_436' title='bbox 2285 4053 2445 4107; x_wconf 90' lang='lat' dir='ltr'>Pron.</span> <span class='ocrx_word' id='word_1_437' title='bbox 2466 4052 2757 4107; x_wconf 85' lang='lat' dir='ltr'>demonstr.</span> 
     </span>
     <span class='ocr_line' id='line_1_65' title="bbox 1587 4142 2763 4213; baseline -0.003 -15"><span class='ocrx_word' id='word_1_438' title='bbox 1587 4143 1691 4213; x_wconf 87' lang='lat' dir='ltr'>vgl.</span> <span class='ocrx_word' id='word_1_439' title='bbox 1747 4146 1777 4213; x_wconf 65' lang='grc' dir='ltr'><strong>ξ</strong></span> <span class='ocrx_word' id='word_1_440' title='bbox 1826 4146 1877 4199; x_wconf 87' lang='grc'>3.</span> <span class='ocrx_word' id='word_1_441' title='bbox 1929 4147 2011 4199; x_wconf 89' lang='grc'>16.</span> <span class='ocrx_word' id='word_1_442' title='bbox 2059 4146 2147 4199; x_wconf 75' lang='lat'>23.</span> <span class='ocrx_word' id='word_1_443' title='bbox 2204 4174 2273 4183; x_wconf 92' lang='lat'><strong>—</strong></span> <span class='ocrx_word' id='word_1_444' title='bbox 2327 4144 2647 4212; x_wconf 72' lang='lat' dir='ltr'>tyrannum]</span> <span class='ocrx_word' id='word_1_445' title='bbox 2702 4142 2763 4195; x_wconf 87' lang='lat' dir='ltr'>in</span> 
     </span>
     <span class='ocr_line' id='line_1_66' title="bbox 1585 4231 2763 4287; baseline -0.003 0"><span class='ocrx_word' id='word_1_446' title='bbox 1585 4232 1877 4287; x_wconf 86' lang='lat' dir='ltr'>Riioksicht</span> <span class='ocrx_word' id='word_1_447' title='bbox 1939 4234 2033 4287; x_wconf 72' lang='lat' dir='ltr'>auf</span> <span class='ocrx_word' id='word_1_448' title='bbox 2093 4231 2184 4286; x_wconf 89' lang='lat' dir='ltr'>die</span> <span class='ocrx_word' id='word_1_449' title='bbox 2235 4231 2763 4286; x_wconf 80' lang='lat' dir='ltr'>Gewaltherrschern</span> 
     </span>
     <span class='ocr_line' id='line_1_67' title="bbox 1589 4320 2761 4391; baseline -0.002 -15"><span class='ocrx_word' id='word_1_450' title='bbox 1589 4321 1775 4390; x_wconf 85' lang='lat' dir='ltr'>eigene</span> <span class='ocrx_word' id='word_1_451' title='bbox 1804 4321 2189 4388; x_wconf 83' lang='lat' dir='ltr'>Grausamkeit,</span> <span class='ocrx_word' id='word_1_452' title='bbox 2218 4320 2323 4390; x_wconf 83' lang='lat' dir='ltr'>vgl.</span> <span class='ocrx_word' id='word_1_453' title='bbox 2354 4324 2490 4391; x_wconf 65' lang='lat'><strong>§33-</strong></span> <span class='ocrx_word' id='word_1_454' title='bbox 2521 4352 2590 4361; x_wconf 91' lang='lat'><strong>—</strong></span> <span class='ocrx_word' id='word_1_455' title='bbox 2625 4320 2761 4389; x_wconf 77' lang='lat' dir='ltr'>fuit]</span> 
     </span>
     <span class='ocr_line' id='line_1_68' title="bbox 1586 4408 2765 4479; baseline -0.002 -14"><span class='ocrx_word' id='word_1_456' title='bbox 1586 4410 1755 4465; x_wconf 84' lang='lat' dir='ltr'>Indik.</span> <span class='ocrx_word' id='word_1_457' title='bbox 1807 4412 1937 4465; x_wconf 84' lang='lat' dir='ltr'>statt</span> <span class='ocrx_word' id='word_1_458' title='bbox 1980 4410 2076 4464; x_wconf 89' lang='lat' dir='ltr'>des</span> <span class='ocrx_word' id='word_1_459' title='bbox 2123 4410 2419 4465; x_wconf 81' lang='lat' dir='ltr'>deutschen</span> <span class='ocrx_word' id='word_1_460' title='bbox 2455 4410 2613 4478; x_wconf 85' lang='lat' dir='ltr'>Konj.</span> <span class='ocrx_word' id='word_1_461' title='bbox 2652 4408 2765 4479; x_wconf 82' lang='lat' dir='ltr'>vgl.</span> 
     </span>
    </p>
   </div>
  </div>
 </body>
</html>
