3084 4809
699 310 793 362 Pro
831 309 954 363 rege
990 293 1240 348 Deiotaro
1277 293 1342 348 ad
1381 292 1438 349 C.
1478 256 1765 349 caesarien}
1790 250 2060 347 ‘'oratic-c?
2072 258 2354 351 14315
2383 245 2524 326 *ἴτ’*
2656 294 2729 352 41

267 456 749 522 sanctissimum.
862 454 1035 535 Quod
1106 474 1325 521 nomen
1394 455 1464 520 hi
1531 474 1707 538 reges
1775 475 1849 520 ne
1915 455 2278 522 amitterent
2345 457 2409 522 te
2478 456 2727 535 victore,
2749 444 2838 506 15

266 564 648 638 timuerunt3
723 563 1032 627 retentum
1109 580 1250 627 vero
1325 563 1391 627 et
1463 580 1501 626 a
1575 564 1639 628 te
1714 561 2141 627 confirmatum
2208 563 2469 646 posteris
2536 564 2729 629 etiam
2749 531 2813 573 ⁴¹

267 671 399 736 suis
458 670 791 736 tradituros
847 688 913 735 se
973 688 1101 733 esse
1159 667 1488 734 confidunt.
1594 668 1855 751 Corpora
1911 688 2022 734 sua
2077 686 2187 751 pro
2246 668 2445 735 salute
2512 689 2729 754 regum

268 796 521 843 suorum
567 776 636 841 hi
681 775 874 859 legati
919 775 1039 840 tibi
1085 775 1243 859 regii
1289 773 1574 853 tradunt,
1639 774 1861 840 Hieras
1918 778 1983 841 et
2028 776 2372 845 Blesamius
2431 779 2496 841 et
2540 777 2729 843 Anti-

267 903 492 967 gonus,
551 882 671 949 tibi
718 883 1011 966 nobisque
1056 881 1343 948 omnibus
1388 882 1513 947 iam
1561 881 1669 948 diu
1714 882 1877 960 noti,
1936 881 2265 968 eademque
2308 882 2425 948 fide
2481 886 2546 948 et
2602 884 2728 949 vir-

269 993 406 1057 tute
464 990 777 1073 praeditus
836 988 1166 1074 Dorylaus),
1235 989 1342 1072 qui
1403 1007 1597 1072 nuper
1654 1008 1799 1057 cum
1856 988 2049 1055 Hiera
2105 989 2348 1075 legatus
2405 992 2499 1056 est
2542 990 2618 1056 ad
2666 994 2727 1057 te

267 1098 510 1173 missus,
558 1116 698 1162 cum
745 1115 959 1180 regum
1006 1096 1399 1172 amicissimi,
1446 1097 1585 1161 tum
1631 1095 1750 1162 tibi
1798 1095 1986 1162 etiam
2004 1144 2021 1174 ‚
2079 1099 2151 1162 ut
2196 1116 2369 1181 spero
2389 1146 2406 1174 ‚
2467 1097 2723 1182 probati.

269 1205 538 1287 Exquire
582 1202 656 1268 de
701 1203 1040 1281 Blesamio,
1101 1221 1251 1267 num
1297 1200 1444 1285 quid
1490 1201 1567 1267 ad
1613 1220 1821 1286 regem
1868 1204 2079 1267 contra
2137 1201 2507 1287 dignitatem
2552 1206 2724 1270 tuam

268 1311 603 1395 scripserit.
707 1310 926 1375 Hieras
981 1309 1229 1393 quidem
1291 1328 1536 1375 causam
1595 1327 1841 1375 omnem
1908 1309 2167 1393 suscipit
2232 1311 2298 1375 et
2363 1310 2728 1377 criminibus
2748 1328 2819 1371 η

267 1418 398 1484 illis
455 1437 564 1501 pro
625 1437 766 1501 rege
812 1438 876 1482 se
932 1419 1222 1501 supponit
1277 1435 1469 1484 reum.
1546 1416 1932 1481 Memoriam
1994 1419 2169 1482 tuam
2224 1416 2550 1501 implorat,
2608 1436 2727 1501 qua

267 1524 433 1590 vales
499 1524 872 1608 plurimum;
942 1525 1127 1607 negat
1193 1541 1486 1605 umquam
1554 1542 1619 1587 se
1685 1542 1723 1588 a
1788 1524 1853 1588 te
1922 1523 1986 1588 in
2048 1523 2323 1589 Deiotari
2390 1524 2728 1590 tetrarchia

268 1631 488 1714 pedem
556 1630 933 1706 discessisse:
1000 1631 1065 1694 in
1135 1630 1354 1713 primis
1419 1628 1647 1694 finibus
1704 1629 1824 1694 tibi
1887 1648 1952 1694 se
2008 1632 2247 1712 praesto
2303 1629 2491 1695 fuisse
2551 1629 2724 1708 dicit,

271 1757 461 1821 usque
519 1738 595 1803 ad
653 1738 909 1803 ultimos
975 1739 1393 1820 prosecutum
1463 1754 1605 1801 cum
1675 1754 1708 1800 e
1777 1736 1993 1801 balneo
2062 1736 2314 1815 exisses,
2384 1739 2590 1803 tecum
2660 1756 2724 1802 se

269 1844 488 1923 fuisse,
533 1865 675 1910 cum
721 1844 832 1910 illa
877 1863 1129 1910 munera
1186 1843 1548 1927 inspexisses
1604 1847 1891 1919 cenatuS‚
1955 1862 2095 1908 cum
2157 1843 2223 1908 in
2284 1842 2568 1910 cubiculo
2626 1864 2725 1910 re·-

337 2022 489 2091 Καρ.
518 2024 609 2079 15.
678 2035 760 2077 41.
798 2022 937 2091 vero]
976 2019 1122 2086 stellt
1151 2020 1250 2073 mit
1275 2019 1440 2073 nach-

266 2111 632 2167 drucksvoller
655 2110 939 2179 Betonung
964 2109 1049 2163 die
1067 2108 1442 2163 Wirklichkeit

267 2202 554 2270 (retentum
601 2205 650 2255 et
697 2217 736 2253 a
789 2205 836 2253 te
885 2199 1295 2267 confirmatum)
1343 2198 1441 2252 der

265 2290 494 2356 Furcht,
533 2289 652 2344 dass
688 2305 746 2344 es
783 2289 973 2343 anders
1009 2287 1157 2342 hatte
1191 2286 1438 2341 konunen

266 2380 495 2445 konnen,
517 2380 793 2448 entgegen.
814 2410 878 2419 —
901 2376 1200 2431 tradituros
1224 2393 1282 2430 se
1307 2377 1436 2445 esse]

265 2467 614 2537 Hyperbaton
633 2484 729 2521 zur
746 2465 1170 2534 Hervorhebung
1195 2466 1290 2518 des
1315 2481 1438 2518 vor-

265 2556 620 2626 angestellten
657 2555 979 2622 tradituros3
1028 2554 1114 2608 die
1161 2555 1312 2607 sonst
1345 2552 1438 2607 be-

264 2646 426 2701 liebte
476 2646 739 2700 Parataxe
786 2645 881 2697 der
927 2643 1249 2699 Pronomina
1294 2640 1438 2710 (suis

267 2776 319 2787 ..
349 2777 361 2789 .
411 2738 490 2805 se)
539 2734 611 2789 ist
657 2732 878 2788 deshalb
925 2732 1314 2787 unterblieben.
1366 2763 1437 2772 —-

273 2825 510 2894 Corpora
554 2825 681 2894 evea]
737 2822 1045 2891 Asyndeton
1094 2837 1190 2875 zur
1236 2820 1437 2875 Einlei-

261 2918 397 2982 tung
431 2913 526 2967 des
561 2914 770 2967 vierten
805 2910 1040 2966 Punktes
1080 2911 1179 2965 der
1212 2909 1436 2964 Perora-

262 3003 336 3056 tio
373 3002 474 3055 mit
497 3000 997 3057 nachdrucksvoller
1022 2998 1440 3067 Voranstellung

261 3092 356 3146 des
429 3090 681 3144 betonten
743 3090 1012 3159 Begrifis:
1087 3128 1119 3156 ,‚
1132 3087 1263 3143 Leib
1326 3088 1435 3141 und

261 3180 521 3247 Leben“;
568 3197 635 3233 zu
679 3196 875 3249 corpus
909 3177 1014 3247 vgl.
1053 3180 1084 3247 ἓ
1122 3180 1207 3233 14.
1247 3208 1315 3217 --
1363 3178 1434 3231 le-

255 3270 379 3339 yati
421 3268 529 3323 tibi
569 3268 730 3337 reqii]
779 3267 1126 3337 Hyperbaton
1164 3282 1260 3320 zur
1294 3265 1433 3320 Her-

259 3357 572 3426 vorhebung
633 3357 729 3411 der
785 3357 1102 3425 getrennten
1161 3354 1433 3424 Begrifi03

259 3464 328 3500 zu
361 3446 509 3516 reqii
543 3445 645 3515 vgl.
684 3447 714 3515 ἓ
750 3448 800 3499 3.
839 3476 906 3484 —
952 3444 1286 3513 Blesamius]
1325 3442 1430 3512 vgl.

259 3538 289 3605 ξ
325 3538 412 3592 33.
463 3538 550 3593 38.
636 3534 710 3588 Er
762 3549 876 3587 war
927 3533 1020 3587 der
1074 3533 1285 3587 Fiihrer
1337 3532 1437 3586 der

261 3627 469 3692 ersten,
517 3624 709 3680 Hieras
745 3622 1015 3691 der-jenige
1063 3623 1160 3676 der
1208 3621 1432 3676 zweiten

260 3713 687 3769 Gesandtschaft.

332 3818 358 3859 4
371 3816 417 3857 2.
463 3802 767 3872 scripserit]
803 3801 909 3871 vgl.
947 3803 978 3870 ἓ
1013 3802 1099 3856 33.
1139 3831 1207 3840 --
1245 3800 1430 3869 diq‘ni-

257 3897 422 3946 tatem
467 3892 643 3960 tuam]
691 3891 796 3960 vgl.
835 3908 903 3945 zu
936 3907 1131 3960 corpus
1169 3892 1200 3959 ἓ
1238 3892 1321 3945 14.
1361 3920 1431 3930 --

257 3980 461 4035 Hieras
511 3979 751 4049 quidem]
805 3979 1021 4049 quidem
1074 3978 1224 4032 dient
1277 3979 1429 4046 daza,

255 4069 352 4123 das
377 4070 534 4124 Nom.
554 4084 731 4138 propr.
759 4067 834 4121 im
859 4068 1184 4138 Gegensatze
1211 4086 1280 4123 zu
1306 4069 1430 4121 dem

254 4156 732 4226 vorausgehendeu
775 4155 954 4210 Gliede
1003 4156 1103 4210 mit
1149 4155 1432 4211 scheinbar

254 4245 618 4302 adversativer
633 4244 947 4314 Bedeutung
962 4244 1399 4300 hervorzuheben
1415 4262 1428 4299 ε

249 4333 679 4403 jedenfaIIS,
717 4332 1012 4402 sicherlich‚
1049 4333 1154 4402 vgl.
1183 4336 1214 4404 g
1247 4334 1326 4389 14.
1358 4364 1427 4373 —

1548 2020 1799 2089 causam]
1841 2018 1926 2073 die
1963 2020 2413 2089 Verantwortung
2446 2021 2566 2090 (vor
2600 2019 2727 2073 dem

1548 2106 1785 2176 Richter,
1813 2107 1919 2177 vgl.
1951 2111 1981 2178 ξ
2009 2109 2116 2176 23).
2147 2138 2215 2147 —
2243 2107 2578 2162 criminibus
2605 2107 2725 2162 illis

1550 2236 1598 2251 ..
1621 2237 1633 2249 .
1670 2214 1727 2251 se
1772 2197 2051 2267 supponit]
2100 2197 2287 2265 jenen,
2335 2196 2571 2253 niimlich
2617 2197 2730 2251 den

1548 2286 1686 2339 oben
1729 2289 2035 2355 genannten
2084 2285 2209 2357 (ng.
2248 2288 2417 2341 unten
2452 2286 2557 2340 illa
2599 2303 2722 2339 mu-

1546 2376 1701 2444 nera)
1728 2374 2206 2444 Anklagepunkten
2234 2375 2349 2448 sich
2376 2374 2587 2443 stellen,
2615 2375 2664 2427 d.
2685 2374 2723 2429 i.

1547 2464 1945 2518 Rechenschaft
1975 2464 2110 2519 iiber
2136 2464 2409 2519 dieselben
2434 2464 2620 2533 geben.
2652 2496 2721 2505 —

1546 2552 1875 2606 Memoriam
1926 2593 1938 2605 .
1968 2593 1979 2605 .
2008 2594 2021 2606 .
2062 2553 2398 2623 plurimum]
2462 2552 2568 2622 vgl.
2624 2568 2724 2621 pro

1546 2640 1755 2710 Ligario
1804 2644 1969 2711 §352
2027 2657 2230 2710 „spero
2279 2642 2440 2697 etiam
2493 2644 2573 2709 te,
2629 2641 2725 2711 qui

1547 2729 1789 2785 oblivisci
1825 2730 1960 2783 nihil
1996 2729 2137 2785 soles
2172 2730 2276 2784 nisi
2311 2730 2549 2800 iniuriae,
2588 2747 2720 2801 quo-

1546 2819 1691 2873 niam
1725 2820 1827 2874 hoc
1864 2822 1947 2875 est
1983 2819 2147 2874 animi
2193 2820 2296 2887 tui,
2342 2822 2396 2874 te
2436 2860 2483 2873 ..
2506 2860 2519 2872 .
2557 2820 2725 2875 remi·

1546 2908 1841 2963 niscentem
1878 2908 2221 2977 recordari“;
2257 2908 2389 2963 kurz
2417 2909 2509 2962 fiir
2534 2914 2583 2963 te
2607 2909 2719 2962 im·-

1535 2998 1745 3067 plorat,
1800 3003 1861 3052 ut
1908 2999 2232 3067 recordari-33
2286 2998 2391 3068 vgl.
2442 3014 2567 3052 zum
2614 2998 2719 3054 Ge-

1544 3086 1779 3141 brauohe
1806 3088 1901 3141 des
1929 3086 2197 3142 Substant.
2228 3090 2258 3157 §
2284 3090 2379 3143 14:
2421 3089 2723 3157 „corpus“.

1542 3175 1645 3230 Die
1664 3176 1879 3243 kurzen,
1910 3176 2251 3244 asyndetisch
2276 3175 2601 3231 aneinander
2624 3193 2724 3246 ge-

1541 3266 1731 3334 fiigten
1768 3267 1897 3319 Ace.
1935 3282 1981 3319 c.
2018 3266 2125 3319 Ins.
2163 3265 2335 3335 geben
2371 3266 2469 3320 der
2501 3265 2719 3321 Diktion

1542 3355 1647 3409 den
1703 3354 1994 3410 charakter
2048 3354 2529 3409 zuversichtlichen
2578 3356 2723 3409 Ver-

1541 3445 1758 3497 trauens
1776 3444 1871 3497 des
1889 3443 2081 3497 Hieras
2106 3444 2200 3497 auf
2216 3443 2302 3497 die
2321 3443 2450 3498 Zahl
2476 3444 2585 3497 und
2611 3444 2720 3499 den

1540 3532 1701 3585 Wert
1726 3531 1907 3586 seiner
1932 3531 2624 3602 Rechtfertigungsgriinde.
2646 3564 2715 3573 --

1531 3621 1745 3691 pedem]
1774 3623 1900 3675 Ace.
1930 3620 2026 3675 der
2048 3621 2439 3690 Ausdehnung:
2479 3621 2719 3689 „keinen

1541 3710 1671 3765 Futs
1725 3709 1926 3764 breit“.
1984 3740 2052 3749 —
2107 3709 2173 3763 in
2218 3710 2430 3780 primis
2482 3710 2712 3779 finibus]

1540 3839 1573 3866 „
1586 3799 1727 3853 beim
1754 3798 2008 3853 Betreten
2035 3799 2212 3854 seines
2239 3798 2527 3853 Reiches“.
2579 3798 2722 3854 Eine-

1538 3888 1802 3958 derartige
1857 3887 2164 3943 attributive
2218 3886 2569 3957 Verbindung
2619 3905 2720 3957 ge·-

1538 3977 1767 4032 braucht
1802 3976 1908 4033 Cic.
1945 3976 2281 4046 gewohnlich
2329 3992 2434 4029 nur
2479 3975 2556 4028 im
2588 3976 2719 4030 Abl.

1538 4068 1668 4121 oder
1736 4066 1795 4120 in
1855 4065 2301 4135 prfiposifionfflen
2361 4065 2711 4119 Ausdriicken

1537 4156 1638 4209 mit
1684 4155 2168 4210 voranstehendem
2219 4153 2505 4208 Attribute.
2563 4184 2631 4193 —
2684 4170 2721 4207 e-

1536 4245 1744 4313 balneo]
1799 4242 1906 4313 vgl.
1955 4246 1986 4313 ξ
2035 4246 2119 4299 17.
2171 4275 2239 4284 -
2292 4244 2546 4313 mwwra]
2602 4242 2717 4311 vgl,

1537 4336 1569 4403 ἓ
1609 4336 1691 4390 19.
1744 4364 1813 4373 -
1860 4332 1927 4386 in
1973 4332 2239 4402 cubiculo]
2289 4331 2397 4401 vgl.
2448 4333 2601 4401 1521.
2640 4358 2710 4371 -ο
